3100 5050
399 406 502 461 180
911 406 1316 459 THIE'I'MARI
1353 406 1611 462 CHRON.
1685 407 1823 461 LIB.
1860 408 1967 461 VII
2006 408 2145 474 (vl).

213 570 361 622 1012.
399 562 464 620 et
507 556 835 639 obprobrii
877 559 958 623 ob
1005 562 1424 623 mutationem
1483 561 1937 643 subsequuturi
1987 561 2147 625 haec
2191 560 2443 625 locutus
2490 582 2951 640 sum,*foz.131⁴.

398 643 647 707 minora
683 662 875 725 quam
909 644 1204 721 *fuet-int,
1253 648 1406 727 qnia
1441 653 1592 729 post
1627 668 1695 709 se
1732 647 2060 710 meliorem
2094 646 2346 710 nullum
2373 646 2655 729 reliquit.

403 729 550 792 Post
573 728 764 791 huius
789 730 1182 811 sepulturam
1201 730 1475 794 Hericus
1495 732 1767 795 antistes
1792 753 1871 795 ex
1893 740 2119 795 nostra
2136 737 2319 814 parte
2338 731 2423 795 ad
2441 752 2655 815 regem

398 826 542 875 cum
581 814 891 877 electione
927 816 1223 893 mittitur,
1262 817 1366 879 cui
1405 836 1555 879 mox
1593 818 1931 897 epistolam
1970 817 2050 881 de
2078 816 2429 881 aecclesiae
2459 817 2659 881 detri-

399 904 624 997 mento·
667 896 902 996 [meae]
958 901 1330 983 inscriptam
1387 914 1450 965 et
1503 904 1677 983 regis
1728 901 2133 966 clementiam
2189 909 2654 967 ammonentem

397 1004 706 1049 commisl.

567 1071 670 1135 20.
741 1068 904 1154 (48.)
1009 1070 1272 1134 Interim
1345 1070 1748 1134 Bolizlavusl
1821 1072 1901 1135 de
1971 1092 2125 1136 nece
2196 1071 2655 1155 archipresulis

395 1162 610 1220 certus
663 1162 1044 1237 congregato
1087 1156 1372 1219 exercitu
1414 1155 1787 1233 Libusuam,
1838 1156 1917 1220 de
1953 1176 2084 1240 qua
2117 1156 2385 1240 predixi,
2433 1158 2652 1240 peciit3

393 1248 458 1305 et
503 1241 659 1323 quia
701 1240 963 1316 sciebat,
1019 1240 1102 1303 ob
1148 1238 1520 1305 effusionem
1567 1241 1745 1305 Albis
1790 1262 1869 1306 ex
1914 1251 2141 1307 nostra
2180 1250 2365 1325 parte
2410 1244 2652 1307 nullum

393 1326 661 1390 urbanis
723 1346 909 1408 posse
970 1325 1054 1388 ad
1125 1325 1435 1389 auxilium
1497 1328 1741 1403 venire,
1812 1334 2309 1393 castrametatus
2380 1342 2477 1391 est
2543 1328 2651 1392 ibi.

393 1412 579 1475 Miles
645 1408 840 1496 [eius]
902 1410 985 1473 ad
1049 1410 1286 1474 bellum
1348 1411 1645 1476 horta-tus
1716 1415 2015 1489 accessit,
2088 1421 2153 1477 et
2214 1413 2513 1477 defensor
2572 1414 2657 1477 ad

395 1496 715 1560 modicum
758 1496 1020 1560 resistit.
1119 1494 1420 1577 Magnam
1465 1499 1635 1560 enim
1680 1497 1849 1562 hanc
1890 1499 2113 1563 urbem
2160 1497 2250 1561 nil
2306 1499 2431 1561 nisi
2482 1499 2656 1563 mille

394 1582 684 1644 homines
731 1580 1102 1659 tuebantur,
1161 1583 1267 1646 cui
1311 1583 1415 1645 vix
1458 1588 1560 1647 ter
1602 1582 1871 1647 totidem
1916 1589 2385 1667 suppeterent⁸.
2490 1585 2657 1648 Boli-

397 1667 610 1730 zlavus
669 1666 752 1729 ad
806 1665 1150 1747 prandium
1203 1666 1470 1731 sedebat
1526 1674 1593 1731 et
1644 1670 1955 1734 satellites
2010 1690 2155 1731 suos
2207 1670 2337 1733 iam
2383 1670 2654 1734 victores

395 1752 620 1815 urbem
654 1751 903 1833 ingredi
939 1751 1225 1831 gaudens
1264 1752 1581 1817 cernebat.
1656 1754 1851 1817 Porta
1884 1756 2174 1835 aperitur
2206 1762 2273 1817 et
2307 1755 2651 1819 multorum

394 1837 656 1917 sanguis
715 1834 1083 1902 effunditur.
1187 1838 1547 1919 Capiuntur
1608 1837 1711 1924 [ex
1768 1838 1922 1925 hiis]
1984 1841 2209 1921 optimi
2262 1840 2653 1905 Guneelinus

392 1942 469 1985 ac
517 1920 734 1984 Wisob
797 1928 862 1983 et
927 1922 1210 1986 eiusdem
1284 1923 1508 1987 infelix
1580 1930 1797 1988 custos
1852 1924 2037 1989 scibo
2092 1926 2480 1990 vulneratus,
2590 1926 2653 1987 Is

392 2026 669 2089 namque
715 2006 962 2083 urbem,
1019 2028 1490 2091 quamcumque
1537 2030 1837 2091 umquam
1886 2010 1970 2073 ad
2022 2009 2333 2074 tuendum
2388 2012 2650 2094 accepit,

396 2090 578 2239 {pon}
623 2093 880 2175 ignavia
924 2094 1052 2169 sui,
1121 2094 1230 2157 sed
1287 2094 1645 2157 infortunio
1708 2094 2063 2158 miserabili
2116 2116 2367 2178 semper
2420 2096 2652 2161 amisit.

461 2179 504 2239 ii
557 2192 776 2241 omnes
829 2178 1004 2241 ducti
1061 2186 1213 2241 sunt
1265 2180 1332 2241 in
1385 2181 1778 2261 presentiam
1836 2180 2097 2263 superbi
2140 2180 2652 2263 triumphatoris,

393 2264 578 2326 cuius
623 2263 842 2327 edictu
888 2284 1034 2327 mox
1079 2266 1162 2327 ad
1207 2264 1696 2329 custodiendum
1742 2264 2007 2329 abducti
2053 2271 2221 2331 sunt.
2319 2267 2419 2329 Ex
2462 2267 2653 2331 sociis

394 2354 612 2412 autem
656 2348 928 2432 predicti
976 2349 1158 2413 ducis
1201 2358 1338 2413 non·
1378 2351 1588 2413 minus
1632 2371 1823 2432 quam
1872 2350 2229 2433 quin*genti
2272 2350 2653 2429 ibidemffie-
2682 2372 2704 2393 *
2728 2373 2813 2419 soz.
2838 2375 2937 2415 132.

159 2452 364 2502 Aug.2o.
394 2441 785 2499 manserunt.
876 2436 1074 2498 Facta
1119 2442 1218 2498 est
1252 2454 1399 2499 vero
1443 2436 1604 2499 haec
1649 2436 2037 2501 miserabilis
2074 2436 2261 2501 cedes
2298 2437 2478 2503 XIII.
2508 2437 2651 2501 Kal.

395 2518 629 2604 Sept.².
720 2519 942 2584 Divisa
999 2529 1154 2585 tunc
1207 2522 1450 2585 inmani
1502 2520 1707 2604 pred-a
1758 2543 1837 2586 ac
1890 2522 2049 2588 urbe
2102 2524 2365 2588 incensa
2424 2524 2653 2588 victrix

393 2606 588 2670 turba
631 2625 776 2668 cum
822 2607 1070 2670 seniore
1115 2627 1230 2672 suo
1275 2608 1448 2672 laeta
1491 2608 1705 2676 rediit.

565 2693 667 2758 21.
716 2691 878 2778 (49.)
961 2689 1106 2781 [Ab]
1153 2694 1567 2758 internuntiis
1613 2694 2070 2760 festinantibus
2114 2693 2275 2758 haec
2319 2694 2540 2776 regina
2586 2695 2651 2756 in

395 2779 768 2862 Mer-'seburg
828 2784 984 2845 tunc
1042 2801 1305 2845 manens
1369 2780 1713 2864 conperitd.
1832 2780 1968 2862 Ego
2031 2785 2263 2854 autem,
2337 2779 2653 2862 prepositi

386 2869 544 2931 dum
597 2871 817 2930 ortatu
861 2867 1134 2948 Red-ing'i
1187 2867 1316 2930 duo
1369 2867 1633 2945 altaria,
1688 2887 1913 2943 unum,
1970 2865 2081 2930 ubi
2134 2865 2654 2947 archiepiscopus

389 2953 764 3036 requiescit,
819 2957 885 3016 et
937 2952 1117 3016 aliud
1170 2953 1238 3016 in
1290 2951 1799 3034 septemtrionali
1854 2951 2139 3015 eiusdem
2192 2951 2417 3032 templi
2468 2955 2655 3032 parte

161 3053 362 3104 Aug-22·
391 3039 500 3104 XI.
557 3038 701 3101 Kal.
760 3037 1152 3118 Septembris
1232 3038 1597 3102 dedicarem
1667 3037 1993 3119 indignus,
2076 3037 2141 3100 in
2216 3035 2657 3118 Magadaburg

389 3125 690 3209 primitus
727 3123 793 3186 id
831 3124 1060 3188 rescivi
1107 3129 1172 3188 et
1208 3134 1357 3187 mox
1395 3123 1479 3187 ad
1522 3124 1813 3206 reginam
1848 3123 2151 3187 velociter
2186 3121 2337 3186 abii.
2419 3121 2655 3186 Omnes

393 3229 508 3274 nos
567 3209 1112 3291 conprovinciales
1175 3212 1358 3273 iuxta
1419 3209 1690 3273 Mildam
1753 3208 1973 3272 sedere
2036 3215 2101 3271 et
2162 3206 2245 3270 ad
2307 3206 2655 3270 adventum

388 3296 558 3378 regis
620 3295 780 3358 haec
842 3296 1057 3359 omnia
1132 3294 1471 3378 providere
1543 3295 1626 3358 ab
1699 3315 1777 3356 ea
1832 3293 1995 3357 iussi
2049 3313 2289 3356 sumus.
2389 3291 2654 3355 Interim

388 3401 502 3445 rex
538 3380 620 3444 ab
657 3380 1061 3463 expeditione
1112 3379 1494 3444 occidentali
1529 3380 1875 3444 revertitur
1922 3385 1989 3442 et
2022 3375 2385 3443 Geronem3
2420 3378 2657 3440 suimet

385 3466 828 3550 capellanum0
865 3487 1100 3546 ponere
1136 3466 1202 3529 in
1241 3466 1542 3529 vacuumf
1576 3471 1865 3530 conatur.
1936 3463 2106 3528 Huic
2133 3462 2354 3547 presul
2380 3461 2655 3526 Herieus

388 3565 734 3617 occurrens
789 3557 888 3614 etss
948 3551 1371 3632 legationemh
1434 3547 1666 3636 [suam]
1729 3549 2027 3632 aperiens
2088 3569 2213 3613 non
2266 3547 2654 3612 exaudituri.

393 3635 830 3724 [Thiedricus]
895 3657 1092 3719 nepos
1144 3657 1326 3700 meus
1385 3633 1590 3723 [tunc]
1660 3635 1744 3699 ad
1798 3633 2123 3699 Gronam4
2174 3639 2439 3698 vocatus
2483 3634 2657 3696 venit

389 3730 454 3787 et
499 3744 539 3786 a
582 3744 730 3806 rege
773 3743 889 3805 per
933 3742 1162 3785 manus
1209 3721 1563 3802 succipitur
1615 3727 1681 3785 et
1735 3722 1802 3784 in
1847 3721 1983 3783 viee
2028 3718 2303 3784 Geronis
2354 3717 2655 3803 deinceps

156 3827 360 3876 Sept-21·
390 3809 684 3874 habetur.
765 3808 839 3871 In
885 3807 1091 3872 natali
1135 3808 1341 3872 sancti
1377 3806 1622 3871 Mathei
1666 3806 1942 3890 apostoli
1979 3826 2094 3868 rex
2130 3804 2214 3868 ad
2252 3801 2657 3869 Sehusunk-⁵

391 3929 436 3980 a)
478 3933 686 3980 superent
715 3930 757 3977 0,
795 3939 903 3968 corr.
928 3927 976 3966 Τ.
1111 3925 1160 3976 b)
1202 3927 1332 3964 wisse
1361 3926 1406 3974 0,
1433 3927 1563 3974 prins
1591 3935 1613 3964 s
1638 3928 1794 3972 puncto
1828 3925 2003 3964 deletum
2031 3928 2071 3964 1.
2202 3923 2243 3974 c)
2284 3924 2356 3962 cih
2386 3925 2431 3974 0,
2465 3935 2573 3963 corr.
2596 3925 2657 3970 Τ,-

391 3982 512 4022 Isieh
540 3982 594 4021 A.
615 3982 660 4021 S.
783 3975 830 4028 d)
859 3983 877 4017 t
903 3979 1006 4018 add.
1029 3979 1079 4018 Τ.
1205 3978 1246 4027 e)
1286 3987 1310 4016 e
1337 3977 1440 4015 add.
1463 3977 1512 4015 Τ.
1637 3975 1673 4026 f)
1708 3986 1767 4015 na
1793 3977 1905 4016 deest
1932 3977 2115 4016 excisum
2142 3978 2183 4016 1.
2305 3976 2352 4022 g)
2378 3981 2423 4014 et
2448 3976 2561 4014 decet
2586 3987 2655 4014 ex·

393 4037 526 4073 cisum
553 4036 590 4074 1.
709 4030 759 4080 h)
797 4031 908 4069 inter
933 4031 1180 4070 vocabulum
1207 4029 1468 4078 legationem
1495 4028 1543 4066 in
1568 4029 1691 4066 initio
1716 4030 1782 4068 15.
1812 4030 1947 4068 vineae
1965 4029 2149 4077 positum
2177 4029 2216 4066 et
2242 4037 2387 4075 cunm,
2421 4037 2450 4065 a
2475 4037 2557 4075 quo
2584 4029 2653 4066 14.

391 4085 571 4132 orditur,
608 4085 802 4134 lequuntur
837 4083 994 4120 litterae
1029 4091 1116 4120 eun
1141 4091 1170 4120 a
1197 4079 1232 4120 0
1261 4083 1470 4125 exaratae,
1505 4079 1582 4128 qm·
1616 4081 1684 4118 14.
1712 4080 1865 4120 lineam
1898 4081 2137 4128 scripturus
2173 4081 2259 4116 loco
2288 4080 2421 4128 paulo
2456 4079 2653 4120 inferiore

393 4137 595 4186 coeperat,
612 4135 750 4173 statim
767 4135 900 4172 autem
919 4133 1056 4172 denuo
1075 4143 1246 4172 exorsus
1265 4133 1363 4170 illas
1380 4130 1516 4170 delere
1531 4131 1683 4170 oblitus
1700 4135 1772 4171 est.
1840 4133 1873 4181 1)
1900 4141 1957 4171 su
1975 4131 2077 4170 aad.
2101 4131 2150 4169 T.
2218 4129 2267 4181 k)
2294 4131 2392 4168 sein
2410 4129 2456 4180 0,
2474 4140 2583 4168 corr.
2604 4129 2653 4168 Τ.

395 4221 446 4287 1)
496 4221 634 4274 Dua·
670 4220 950 4272 Potoniae.
1104 4217 1156 4282 2)
1205 4217 1420 4272 Necrol.
1456 4218 1694 4272 Meo-seb.
1732 4219 1876 4286 Auy.
1904 4218 1999 4272 20:
2048 4215 2115 4268 In
2149 4215 2459 4268 Liubuzaua
2494 4214 2655 4268 multi

391 4288 626 4355 peremti
668 4289 810 4339 sunt.
983 4287 1038 4350 3)
1091 4287 1182 4338 De
1223 4302 1328 4353 quo
1372 4286 1445 4350 cf.
1481 4286 1589 4350 IV,
1636 4287 1719 4340 74.
1893 4284 1947 4348 4)
2012 4285 2121 4338 Ubi
2150 4300 2251 4337 reso
2296 4285 2491 4338 charta
2526 4289 2655 4338 teste

391 4355 648 4422 (Stampf
671 4357 830 4420 1564)
857 4353 1002 4420 Sept.
1034 4355 1100 4408 17
1125 4361 1377 4409 versatus
1404 4362 1496 4409 eet.
1638 4355 1691 4418 5)
1730 4355 2039 4408 Seehausen
2064 4353 2331 4419 oppidum
2363 4368 2474 4406 non
2502 4353 2655 4418 lonqe

393 4444 430 4478 a
467 4425 815 4490 Maydeburq
853 4423 928 4476 ad
961 4423 1287 4477 occidentem
1322 4439 1508 4476 versu-s
1542 4423 1737 4488 situm&
1774 4421 1967 4475 Seesen
2004 4421 2265 4488 oppidum
2294 4437 2469 4488 prope
2504 4419 2654 4474 Gan-
