3100 5050
215 524 384 582 1002-

215 618 316 661 Oct.
334 622 375 660 1.

175 1559 289 1601 Nov.
310 1562 376 1601 11.

89 1731 370 1781 Luem.1,98.

91 1989 154 2029 n».
173 1988 254 2041 11,
281 1989 372 2029 vae.

407 362 511 419 120
1033 358 1441 414 THIETMARI
1477 354 1739 415 CHRON.
1810 357 1947 413 LIB.
1983 359 2047 413 V.

577 514 680 582 22.
753 513 911 577 Post
953 512 1116 578 haec
1155 512 1587 578 Herimannus
1631 510 1781 591 dux,
1827 512 2051 577 matris
2096 532 2277 578 meae
2322 513 2617 578 avunculi
2634 514 2658 559 ¹

401 598 599 678 filius,
662 597 908 678 divina,
970 603 1045 664 ut
1102 598 1382 684 predixi,
1446 597 1930 681 compunctione
1991 596 2301 664 Kalendis
2364 598 2659 665 Octobris

400 682 752 751 Bruselae²
812 685 948 769 regi
1007 683 1339 749 humiliter
1406 687 1834 767 presentatur.
1947 682 2451 750 Misericorditer
2518 685 2659 751 eius

399 771 676 855 gratiam
714 770 1098 854 -impetravit
1151 776 1216 835 et
1265 769 1332 833 in
1383 765 1695 833 beneficio
1749 776 1814 833 et
1864 769 1933 834 in
1986 769 2281 835 omnibus
2332 771 2494 837 iusti
2548 770 2658 837 de-

401 856 622 922 siderii
658 855 1165 921 satisfactionem
1202 855 1589 939 persolvens,
1634 860 1899 937 excepto
1936 854 2325 939 Argentinae
2360 855 2658 940 dampn0,

400 941 572 1027 quod
615 941 786 1007 idem
830 943 1012 1008 iussu
1054 948 1120 1007 et
1154 940 1422 1006 consilio
1458 940 1631 1024 regis
1666 939 1746 1005 de
1782 957 1900 1005 sua
1933 942 2325 1025 proprietate
2362 948 2427 1008 et
2462 941 2658 1007 abba·

397 1029 559 1093 tiam
603 1028 671 1093 in
714 1027 938 1093 eadem
994 1027 1150 1093 urbe
1204 1027 1397 1092 sitam
1447 1026 1801 1110 reparavit,
1863 1026 2047 1091 miles
2101 1036 2168 1092 et
2218 1029 2466 1093 amicus
2519 1028 2657 1093 eius

397 1112 568 1179 fidus
629 1112 924 1181 efficitur.
1028 1112 1174 1180 Hiis
1231 1112 1324 1177 ita
1384 1111 1717 1197 dispositis
1779 1132 1894 1177 rex
1954 1111 2039 1177 ad
2097 1113 2453 1179 Bawariam
2513 1134 2657 1199 per-

398 1200 592 1279 rexit,
663 1205 736 1265 ut
803 1201 897 1264 eis
965 1198 1244 1265 adventu
1315 1218 1429 1262 suo
1499 1202 1566 1262 et
1636 1198 1810 1263 omni
1876 1200 2151 1264 caritate
2212 1202 2655 1278 innotesceret,

399 1284 569 1370 quod
613 1302 732 1351 eos·
764 1286 1068 1371 precipue
1112 1286 1283 1349 inter
1325 1303 1544 1348 omnes
1588 1290 1852 1348 amaret.
1954 1283 2155 1361 Quem
2198 1285 2659 1351 Ratisbonam⁸

396 1372 754 1437 venientem
807 1368 1251 1448 Gebehardus,
1305 1369 1594 1435 eiusdem
1646 1368 1867 1453 presul
1918 1372 2239 1453 egregius,
2303 1392 2448 1436 cum
2500 1371 2656 1437 cleri

397 1457 726 1540 totiusque
809 1456 1030 1541 populi
1111 1454 1394 1538 tripudio
1474 1456 1759 1539 suscepit
1834 1454 2051 1540 ibique
2128 1456 2360 1522 festum
2448 1460 2657 1522 sancti

403 1543 671 1607 Martini
715 1542 1147 1608 celebrantem
1192 1542 1258 1606 in
1303 1540 1523 1607 multis
1566 1540 2033 1607 honorificavit.

567 1629 668 1695 23.
705 1628 866 1714 (15.)
937 1628 1202 1693 Interim
1255 1627 1664 1693 Boemiorum
1718 1627 1849 1693 dux
1901 1626 2286 1707 Bolizlavus,
2351 1629 2506 1714 quia
2548 1652 2655 1713 po-

398 1725 584 1779 testas
633 1714 933 1780 consortis
983 1724 1039 1779 et
1087 1714 1452 1779 successoris
1501 1724 1589 1777 est
1629 1736 1865 1800 semper
1906 1712 2192 1799 pavida-⁹2
2206 1762 2226 1794 ,
2277 1714 2655 1781 Iaremirum

395 1800 665 1865 fratrem
742 1798 1176 1865 eunuchizans
1254 1800 1698 1883 iunioremque
1770 1798 2209 1865 Othelricumb
2282 1800 2350 1864 in
2428 1802 2654 1867 termis

397 1882 708 1951 suffocare
769 1886 1061 1968 cupiens,
1135 1906 1266 1950 una
1321 1906 1465 1949 cum
1519 1885 1772 1951 matre⁴
1826 1885 2085 1951 eosdem
2138 1887 2351 1970 patria
2412 1887 2657 1972 expulit

398 1970 678 2056 solusque
729 1972 858 2036 vice
909 1971 1194 2035 basilisci
1251 1972 1433 2035 noxii
1491 1993 1763 2057 requam
1780 1971 1809 2016 ⁵
1868 1972 2177 2054 populum
2243 1971 2655 2039 ineffabiliter

399 2057 799 2123 constrinxit.
908 2056 1031 2134 Qui
1089 2056 1340 2139 pondus
1402 2056 1571 2121 illati
1629 2056 1935 2122 facinoris
1997 2057 2241 2123 diutius
2301 2058 2469 2123 serre
2529 2081 2655 2124 non

396 2141 614 2207 valens
669 2141 1194 2221 wlodoweiumss,
1253 2144 1364 2226 qui
1415 2147 1702 2227 potestas
1754 2144 2075 2209 exercitus
2128 2144 2593 2227 interpretatur
2604 2145 2653 2223 ⁷,

396 2250 438 2293 a
503 2228 770 2293 Polenia
830 2228 996 2293 clam
1058 2248 1318 2307 vocans,
1391 2226 1678 2310 aspidem
1736 2234 2115 2293 venenatam
2180 2228 2423 2313 absque
2481 2232 2656 2295 omni

395 2314 556 2398 legis
598 2315 840 2399 pietate
885 2334 1036 2379 suos
1080 2318 1487 2392 tractantem,
1541 2311 1713 2378 hunc
1756 2314 1823 2378 in
1870 2313 2085 2379 sedem
2132 2314 2418 2382 basilisci
2460 2316 2653 2396 illius,

397 2399 466 2465 id
509 2407 609 2465 est
650 2400 975 2479 Bolizlavi,
1021 2399 1270 2465 deiecto
1317 2419 1410 2479 ec,
1456 2400 2025 2482 consanguinitatis
2068 2400 2239 2467 linea
2283 2409 2349 2467 et
2389 2402 2653 2486 pietatis

397 2483 632 2552 affectu
685 2487 1080 2553 unanimiter
1131 2486 1405 2552 electum
1458 2485 1813 2555 collocavit.
1918 2486 2011 2552 De
2073 2507 2199 2571 quo
2260 2509 2398 2553 rem
2458 2509 2652 2554 unam

394 2571 834 2638 incredibilem
880 2571 1044 2650 (11οο,
1090 2573 1200 2638 sed
1245 2594 1373 2637 non
1417 2572 1615 2638 alicui
1651 2572 2001 2637 christiano
2036 2573 2435 2654 imitabilem,
2481 2573 2654 2660 quod

393 2659 502 2724 hic
563 2680 917 2742 numquam
978 2661 1117 2724 sine
1176 2666 1336 2742 potu
1398 2679 1592 2722 unam
1655 2657 1883 2724 horam
1947 2660 2298 2743 perdurare
2359 2659 2651 2727 valuerit.-

397 2743 523 2810 Sed
576 2744 964 2824 Bolizlavus,
1027 2765 1192 2829 quae
1247 2744 1382 2809 sola
1437 2745 1542 2809 via
1594 2743 1786 2828 fugae
1838 2747 2077 2827 patuit,
2138 2745 2223 2810 ad
2276 2745 2652 2812 Heinricum

395 2830 852 2909 marchionem,
897 2829 1011 2914 qui
1043 2831 1375 2914 proximus
1412 2830 1474 2894 01
1510 2835 1665 2894 tunc
1700 2829 1933 2910 fuerat,
1980 2831 2352 2914 confugiens
2388 2839 2655 2915 propter

393 2916 612 2982 illatas
682 2916 805 2981 sibi
874 2917 1146 2981 iniurias
1217 2915 1299 2980 ab
1363 2935 1437 2981 eo
1501 2923 1729 3000 captus
1800 2923 1925 2994 est;
1996 2918 2429 3001 postmodum,
2501 2919 2655 3001 quia

395 3003 634 3086 hospes
687 3023 761 3067 eo
815 3002 1190 3080 advenerat,
1246 3001 1552 3066 dimissus
1607 3001 1690 3066 ad
1735 3002 2111 3086 equivocum
2156 3025 2343 3068 suum
2386 3006 2653 3070 amitae-

395 3109 520 3172 que
572 3085 802 3166 filium,
867 3089 932 3152 in
989 3087 1336 3152 sceleribus
1389 3107 1780 3170 comparem,
1842 3089 1993 3153 licet
2049 3089 2466 3155 facultatibus
2520 3090 2651 3155 dis-

391 3193 642 3258 parem,
687 3173 858 3238 vitae
910 3173 1250 3238 dumtaxat
1300 3193 1516 3238 amore
1568 3175 1870 3257 perrexit.
1969 3174 2098 3240 Iste
2152 3183 2367 3240 autem
2417 3177 2653 3260 potiori

395 3279 550 3324 usus
621 3259 887 3325 consilio
957 3259 1040 3324 ad
1112 3280 1324 3342 regem
1398 3258 1788 3325 Ratisbonae
1858 3259 2071 3325 adhuc
2154 3269 2652 3327 commorantem

392 3341 804 3428 proficiscens
877 3365 1021 3410 cum
1093 3345 1320 3410 humili
1391 3343 1783 3410 subiectione
1854 3354 1920 3410 et
1987 3345 2162 3411 fideli
2233 3349 2652 3430 promissione

391 3429 563 3494 hunc
608 3431 676 3494 in
721 3428 1049 3496 dominum
1095 3430 1290 3514 elegit
1332 3438 1413 3509 et,
1467 3452 1634 3514 quae
1688 3431 2035 3515 postulavit
2080 3432 2163 3497 ab
2210 3453 2307 3512 ec,
2352 3435 2418 3498 in
2463 3433 2651 3498 bene-

391 3515 625 3666 ficiutqJ
651 3517 996 3602 acquisivit
1040 3523 1104 3582 et
1149 3517 1406 3582 habitus
1449 3517 1516 3581 in
1574 3516 1867 3581 omnibus
1924 3518 2256 3584 caritative
2312 3520 2653 3585 revertitur

392 3623 539 3666 cum
627 3622 750 3666 ona
839 3623 970 3668 ace.

563 3689 665 3755 24.
689 3624 850 3774 (lep)
898 3689 1066 3754 Dum
1094 3689 1258 3754 haec
1285 3695 1583 3772 aguntur,
1620 3687 2061 3770 Hardwigusss,
2093 3690 2171 3754 de
2200 3711 2329 3774 quo
2358 3691 2653 3774 superius

393 3771 600 3853 dixiss,
660 3773 740 3838 de
793 3776 1224 3859 prosperitate
1283 3782 1348 3839 et
1405 3774 1681 3839 adventu
1740 3775 1908 3857 regis
1964 3774 2252 3842 Heinrici
2308 3777 2650 3842 admodum

391 3891 434 3944 a)
459 3895 612 3943 ratisp.
634 3895 677 3944 2,
701 3895 754 3933 A.
774 3892 820 3935 S.
841 3895 1098 3944 plerumque.
1202 3894 1250 3946 b)
1277 3895 1506 3934 otclrlcum
1533 3895 1574 3934 2.
1674 3893 1716 3946 c)
1742 3895 1982 3945 hartwigus
2009 3897 2035 3936 2
2062 3908 2232 3946 temper.

391 3979 444 4045 1)
497 3980 626 4034 Non
681 3980 885 4035 Udonis
918 3982 1004 4034 II.
1051 3979 1105 4047 (†
1139 3981 1282 4046 982),
1327 3981 1424 4050 qui
1465 3982 1589 4048 ΙΙΙ,
1642 3983 1710 4036 20
1754 3983 1881 4036 item
1925 3983 2303 4053 Kuniyundae
2346 3985 2653 4040 avunculus

390 4049 451 4110 (i.
497 4066 540 4103 e.
592 4050 858 4104 Iuthittae
889 4051 1104 4115 frater)
1153 4052 1488 4118 appellatur,
1537 4052 1635 4105 sed
1682 4051 1884 4116 fratris
1932 4053 2049 4107 eius
2097 4054 2359 4108 Kouradi
2396 4057 2445 4108 I.
2494 4055 2652 4108 ducis

391 4117 754 4172 Alemanniae
789 4116 1148 4184 (982-997);
1195 4118 1265 4186 cf.
1303 4119 1371 4174 ‘J
1369 4120 1543 4175 ahrb!
1580 4122 1665 4182 II,
1696 4121 1779 4174 25.
1930 4121 1985 4186 2)
2033 4122 2107 4175 In
2140 4124 2338 4190 oppido
2372 4123 2654 4176 Bruchsal

392 4187 668 4242 districtus
704 4188 1028 4242 Karlsmhe.
1185 4191 1240 4254 3)
1291 4189 1442 4257 Cous.
1469 4190 1556 4252 II,
1592 4191 1677 4244 32.
1831 4189 1886 4255 4)
1932 4189 2167 4256 Εφηηῖ-ας
2220 4207 2269 4246 v.
2304 4190 2461 4258 infra
2496 4209 2539 4246 c.
2568 4191 2651 4244 29.

389 4256 444 4316 5)
483 4253 638 4319 Confi
666 4256 778 4320 IX,
817 4258 864 4310 7.
973 4257 1027 4322 6)
1065 4257 1383 4324 Miseconis,
1420 4265 1482 4314 ut
1514 4257 1748 4324 videtur,
1764 4258 1968 4326 filium3
2006 4261 2077 4324 cf.
2113 4260 2218 4325 IV,
2253 4261 2337 4314 57.
2442 4259 2494 4323 7)
2531 4259 2652 4312 Pol.

391 4318 594 4376 111011οό
629 4343 697 4368 ==
730 4325 902 4379 thiud.
931 4325 1154 4388 walten3
1200 4325 1316 4394 woJ',
1355 4325 1526 4394 wojna
1554 4347 1623 4371 =
1642 4343 1858 4395 puyna,
1896 4328 2105 4382 bellum.
2178 4327 2331 4396 Cous.
2361 4325 2651 4382 Wladimir

405 4390 571 4458 VIII,
609 4393 695 4459 72,
733 4392 1050 4448 Wladislaw
1084 4395 1124 4447 I
1127 4395 1188 4459 V,
1225 4397 1309 4450 45.
1447 4395 1500 4460 8)
1540 4394 1694 4460 Conf.
1721 4396 1762 4448 I
1764 4396 1829 4462 V,
1866 4397 1949 4450 54.
