3100 5050
1090 423 1184 477 ΤΗ
1190 422 1497 477 IE'I'MARI
1534 420 1972 477 CHRONICON.
2591 424 2669 477 XI

404 579 565 642 libus
600 576 869 642 nondum
909 599 1083 640 usum
1119 599 1245 663 esse
1279 576 1715 642 demonstravi.
1812 574 2078 641 Circiter
2113 600 2172 640 a.
2209 577 2392 644 1016.
2429 578 2667 641 demum

404 680 758 744 Annalibus
793 679 1022 762 potitus
1048 680 1136 742 acl
1173 677 1366 742 libros
1398 677 1447 739 I
1446 678 1652 740 -ΙΙΙ,
1688 701 1895 763 pauca
1914 679 1955 756 ¹,
1992 679 2079 742 ad
2114 690 2403 764 quartum
2433 677 2674 765 plura2

403 785 472 846 in
516 782 712 867 foliis
767 781 864 844 vel
913 782 1178 866 payinis
1233 780 1328 844 vel
1383 782 1767 866 paqinarum
1826 782 2165 865 particulis
2221 792 2406 846 antea
2461 784 2675 846 vacuis

403 885 642 949 relictis
686 884 970 948 inseruit.
1065 883 1398 947 Praeterea
1427 883 1510 946 'in
1558 883 2013 946 continuatione
2068 885 2273 968 operis
2317 883 2676 948 Annalibus

403 1011 548 1051 usus
591 998 681 1052 est
725 987 872 1051 inde
915 1010 958 1049 a
990 969 1162 1066 ⁸VII,
1207 987 1290 1049 22
1331 985 1482 1069 (IV,
1526 984 1681 1069 49);
1726 1008 1860 1048 cum
1907 995 2107 1048 autem
2167 984 2344 1067 VIII,
2397 988 2582 1052 1—2.
2618 997 2676 1050 et

403 1093 619 1156 3--20
665 1088 860 1173 (VII,
911 1087 1149 1171 1—13)
1196 1088 1328 1151 iam
1366 1097 1552 1150 antea
1599 1089 1953 1173 conscripta
1996 1098 2209 1168 essent,
2252 1112 2326 1152 ne
2370 1088 2509 1152 illic
2542 1091 2676 1173 qui-

403 1193 542 1257 dem
587 1215 684 1256 res
728 1214 806 1255 ecc
841 1190 1200 1254 Annalibus
1240 1192 1468 1274 petitae
1513 1191 1931 1254 inveniuntur.
2023 1190 2131 1254 Eae
2172 1191 2317 1254 vitis
2354 1191 2676 1254 Branonis

403 1306 460 1360 et
517 1295 810 1358 Udalrici
861 1295 1252 1358 Tkietmarus
1303 1316 1500 1378 paene
1543 1294 1707 1356 nihil
1750 1293 2042 1377 sumpsit,
2092 1293 2376 1378 plurima
2432 1316 2509 1356 ex
2552 1294 2675 1357 Ne·

405 1398 716 1482 croloqiis.
803 1397 976 1460 Inter
1032 1419 1190 1480 quae
1250 1396 1424 1479 lonqe
1481 1396 1755 1459 maaeime
1808 1395 2307 1481 Merseburqensi
2359 1419 2511 1460 usus
2566 1406 2672 1471 est,

408 1501 571 1585 quod
613 1500 852 1564 saeculo
896 1501 1130 1564 decimo
1176 1499 1530 1562 incohatum
1575 1508 1779 1560 tamen
1836 1499 2121 1561 mamima
2176 1521 2254 1562 eae
2294 1508 2473 1582 parte
2517 1498 2677 1582 ipsis

404 1604 639 1668 demum
711 1603 1058 1666 Thietmari
1116 1601 1488 1687 temporibus
1555 1601 1899 1686 perfectum
1974 1612 2031 1664 et
2104 1600 2181 1664 ab
2244 1602 2473 1665 eisdem
2530 1601 2675 1685 fere

407 1705 625 1769 scribis
668 1715 850 1788 atque
896 1705 1224 1767 chronicon
1269 1705 1402 1767 eius
1446 1714 1779 1767 eaearatum
1824 1714 1927 1767 est.

578 1807 838 1871 Praeter
896 1807 1003 1871 hos
1059 1807 1128 1869 in
1178 1806 1410 1890 primis
1466 1806 1999 1891 Maqdeburqensi
2048 1817 2105 1870 et
2165 1806 2681 1870 Halberstaclensi

407 1911 778 1994 quibusdam
810 1909 1126 1994 fontibus,
1180 1909 1290 1994 qui
1333 1931 1458 1971 non
1500 1909 1633 1971 iam
1678 1919 1942 1988 exstant,
1988 1909 2287 1973 Nostrum
2330 1931 2511 1972 usum
2554 1931 2677 1972 esse

406 2015 540 2077 iam
587 2012 995 2098 Lappenber9
1039 2011 1218 2075 vidit.
1308 2010 1408 2074 De
1461 2012 1684 2096 quibus
1734 2013 2098 2096 priusquam
2147 2011 2544 2092 disseramus,
2593 2011 2681 2074 ad

406 2138 484 2179 ea
529 2115 916 2192 accedamus,
961 2136 1120 2197 quae
1165 2137 1243 2178 ex
1277 2115 1916 2194 narratione-eorum,
1972 2114 2321 2198 quibuscum
2367 2135 2682 2177 conversa-

403 2228 500 2280 tus
551 2226 668 2296 est,
723 2225 944 2279 auctor
991 2216 1192 2298 petiit.
1288 2213 1569 2287 Quorum
1613 2217 1867 2279 nomina
1912 2239 2349 2301 saepenumero
2403 2217 2534 2300 ipse
2578 2215 2680 2300 af-

399 2319 559 2404 fert,
595 2319 848 2404 saepius
883 2328 1088 2382 tamen
1131 2318 1379 2382 silentio
1419 2320 1742 2402 praeterit.
1832 2319 2032 2403 Atque
2073 2319 2357 2403 plurima
2392 2318 2468 2381 de
2502 2318 2681 2382 rebus

405 2433 612 2503 antea,
668 2445 854 2507 quam
913 2423 1045 2506 ipse
1091 2422 1179 2485 ad
1235 2422 1564 2485 iuvenilem
1618 2423 1966 2507 perveniret
2009 2432 2288 2500 aetatem,
2339 2421 2527 2506 qestis
2562 2443 2680 2506 pa-

405 2537 604 2591 rentes
647 2527 778 2590 eius
814 2525 1110 2609 ceterique
1147 2524 1397 2611 coqnati
1439 2524 1803 2589 narravisse
1838 2527 1897 2589 ei
1930 2524 2239 2605 violentur,
2282 2535 2350 2588 ut
2384 2548 2477 2605 ea,
2524 2547 2680 2608 quae

408 2630 498 2709 II,
545 2630 649 2708 21,
696 2629 800 2709 28,
846 2630 950 2708 29,
994 2630 1100 2707 31,
1143 2630 1250 2708 42,
1311 2628 1442 2707 III,
1497 2631 1559 2706 6,
1605 2629 1663 2707 8,
1713 2628 1772 2706 9,
1823 2627 1922 2705 19,
1987 2626 2109 2707 IV,
2171 2629 2353 2707 1-8,
2403 2628 2677 2706 11-23,

409 2733 514 2810 21,
559 2732 671 2810 22,
732 2731 1013 2796 23-25
1070 2729 1448 2815 referuntur.
1556 2730 1695 2815 Ipse
1766 2728 2157 2794 Thietmarus
2217 2732 2307 2794 eis
2368 2730 2679 2815 interfuit,

409 2856 566 2919 quae
612 2856 671 2900 a.
702 2833 847 2899 984.
894 2842 949 2895 et
990 2832 1136 2898 986.
1190 2830 1673 2917 Quedlinburqii
1684 2830 1729 2911 3,
1774 2832 1921 2897 inde
1966 2832 2043 2895 ab
2088 2855 2146 2896 a.
2178 2833 2324 2897 988.
2370 2834 2479 2912 eis,
2526 2856 2681 2917 quae

408 2936 861 3021 Maqdeburqii
905 2946 1049 2999 acta
1093 2944 1253 3001 sunt.
1342 2934 1442 2999 De
1486 2935 1667 2998 rebus
1717 2934 2181 3000 Corbeiensibus
2211 2935 2431 3019 frater
2467 2935 2683 2999 Bruno

409 3040 467 3103 ei
523 3038 788 3118 rettulit,
847 3038 956 3121 qui
1006 3036 1296 3101 Cor-beiae
1354 3037 1647 3101 educatus
1703 3037 1861 3117 est4,
1920 3038 1995 3101 de
2052 3038 2545 3122 empeditionibus
2602 3038 2681 3101 ab

411 3140 713 3205 Heinrico
771 3163 830 3207 a.
886 3140 1068 3205 1004.
1130 3141 1202 3202 in
1263 3140 1526 3203 Italiam
1584 3150 1640 3203 et
1699 3141 2063 3204 Bokemiam
2105 3141 2355 3226 factis5
2396 3141 2682 3226 fortasse

410 3244 748 3308 Heinricus
779 3244 1022 3328 frater,
1078 3265 1252 3326 quem
1301 3244 1548 3327 utrique
1591 3243 1953 3327 interfuisse
1996 3267 2073 3307 ex
2121 3242 2229 3325 VI,
2270 3244 2349 3309 15
2394 3243 2681 3328 colliqere

410 3348 567 3410 licet.
660 3345 987 3409 Nonnulla
1044 3345 1233 3407 etiam
1282 3345 1757 3409 Ratisbonensis
1816 3348 2091 3410 auctoris
2149 3347 2435 3410 videntur
2490 3368 2615 3409 esse
2629 3344 2677 3426 ⁶,

409 3472 583 3535 quem
620 3449 1008 3534 Taqinonem*
1029 3448 1240 3534 fuisse
1275 3470 1354 3513 ex
1396 3446 1466 3526 V,
1494 3448 1580 3512 43
1612 3450 2012 3532 perspicitur.
2084 3447 2191 3511 Eae
2240 3448 2445 3512 eodem
2481 3457 2683 3510 autem

395 3552 580 3637 fonte
636 3575 709 3616 ea
767 3551 1057 3615 videntur
1113 3573 1429 3629 manasse,
1492 3571 1649 3634 quae
1708 3550 1815 3629 11,
1870 3554 1947 3615 17
2005 3550 2081 3614 de
2137 3550 2425 3635 reliquiis
2469 3551 2684 3615 Ratis-

410 3654 630 3719 bonam
693 3653 913 3717 allatis
973 3664 1029 3717 et
1098 3653 1244 3716 inde
1302 3651 1810 3737 Parthenopolim
1870 3652 2259 3717 transmissis
2320 3652 2679 3716 traduntur.

413 3756 538 3820 Sed
581 3779 684 3835 ea,
743 3778 899 3841 quae
945 3754 1110 3821 Ann.
1156 3752 1331 3819 Samo
1374 3765 1430 3819 et
1473 3755 1644 3821 Ann.
1688 3756 2250 3841 Maqdeburqenses
2295 3754 2447 3841 (SS.
2488 3754 2553 3817 X
2568 3756 2679 3837 VI)

413 3929 465 3993 1)
503 3928 758 3983 Plurima
776 3929 865 3994 II,
892 3928 1114 3982 34—35.
1219 3926 1272 3991 2)
1312 3927 1465 3992 Conf.
1485 3929 1598 3995 IV,
1619 3929 1840 3991 10—-15,
1869 3929 2089 3993 18—22,
2116 3930 2340 3983 26—30.
2442 3929 2497 3994 3)
2528 3926 2682 3995 Cons.

414 4014 522 4081 IV,
567 4017 600 4069 2
646 4020 696 4068 et
738 4014 788 4066 9.
952 4014 1008 4077 4)
1066 4012 1220 4080 Cons.
1257 4014 1345 4078 11,
1400 4014 1627 4069 32-33
1672 4014 1739 4067 de
1784 4016 2046 4069 Brunone
2097 4015 2361 4069 Ver-densi
2410 4014 2681 4083 episcopo,

411 4101 506 4169 qui
539 4098 798 4154 Corbeiae
831 4099 1132 4153 monachus
1151 4100 1368 4163 suerat,
1414 4099 1500 4165 II,
1539 4101 1625 4166 18,
1661 4100 1785 4166 III,
1820 4102 1872 4166 3,
1908 4102 1960 4166 9,
2002 4101 2109 4167 IV,
2147 4102 2232 4167 70,
2268 4100 2357 4165 71,
2408 4100 2575 4166 VIII,
2618 4102 2683 4155 13

414 4186 480 4238 de
516 4182 776 4249 Liudolfo
813 4184 1023 4239 abbate.
1179 4185 1233 4248 5)
1269 4183 1365 4249 VI,
1402 4184 1590 4237 2—15.
1745 4185 1798 4250 6)
1848 4186 1917 4240 Ut
1949 4186 2002 4250 I,
2040 4187 2121 4239 26.
2168 4186 2235 4238 de
2271 4185 2510 4250 Arnulfo
2546 4185 2684 4239 duce

412 4271 721 4336 Βαυανίαε,
771 4270 868 4335 11,
905 4271 1137 4324 26—27
1186 4270 1251 4323 de
1298 4266 1607 4323 Gu-nthario
1650 4276 1701 4325 ct
1735 4271 2008 4325 Michaele
2042 4270 2339 4338 episcopis,
2389 4270 2477 4334 II,
2513 4271 2583 4324 40
2618 4272 2684 4324 de

412 4356 679 4410 Heinrico
722 4356 858 4410 duce
905 4362 957 4409 et
1003 4356 1228 4422 coniuye
1273 4354 1393 4408 eius
1430 4354 1684 4421 Iuthitta,
1730 4356 1769 4409 1
1778 4356 1841 4422 V,
1884 4356 1955 4409 44
1998 4355 2064 4408 de
2109 4354 2301 4409 Ottone
2344 4353 2683 4410 Ratisbonae

413 4449 676 4510 suscepto.
