3100 5050
1025 428 1432 485 THIETMARI
1466 428 1728 486 CHRON.
1797 431 1935 485 LIB.
1969 432 2065 487 VI.
2561 432 2661 488 149

411 604 553 647 rum
597 582 906 647 mandata
951 584 1416 668 scripturarum
1459 584 1925 649 auscultando⁸
1976 584 2279 665 adimple:
2336 591 2401 647 et
2452 583 2661 663 fidem,
2702 602 2851 657 1005.

413 689 605 752 quam
654 668 1040 733 Athanasius
1083 668 1506 752 profitebatur
1547 671 1913 753 episcopus,
1968 671 2217 734 discens
2270 671 2665 734 memoriter—

412 775 536 837 que
580 754 878 833 retinens,
927 754 1104 833 haee,
1161 776 1323 838 quae
1368 776 1567 837 supra
1610 757 1973 834 memoravi,
2034 756 2125 819 nil
2169 776 2306 820 esse
2357 756 2665 839 probabis

416 841 792 904 veraciter*.

178 944 200 967 *
220 958 272 995 p.
291 947 382 987 813.
582 925 718 993 *25
757 925 914 1011 (19.)
987 925 1146 989 Inde
1181 946 1326 989 mox
1361 926 1697 1009 inparibus
1733 926 2005 991 ducibus
2045 926 2377 1010 inequales
2411 934 2664 990 turmae

410 1032 615 1094 usque
685 1012 766 1075 ad
831 1010 1107 1075 Oderam
1193 1010 1452 1075 fluvium
1524 1014 1963 1094 pervenientes
2038 1011 2316 1077 fixerunt
2382 1014 2665 1076 tentoria

409 1097 593 1161 iuxta
645 1118 914 1175 amnem,
971 1098 1083 1179 qui
1128 1096 1334 1161 Pober
1380 1098 1617 1161 dicitur
1662 1098 2091 1177 Sclavonicel,
2140 1098 2373 1163 Castor
2417 1098 2661 1162 Latine.

411 1184 583 1262 Quos
654 1183 1012 1246 Bolizlavus
1090 1182 1354 1247 munitis
1430 1184 1756 1248 littoribus
1834 1183 2071 1267 prefati
2147 1183 2431 1247 fluminis
2520 1204 2663 1247 cum

407 1269 695 1332 exercitu
749 1268 980 1350 grandi
1032 1268 1100 1331 in
1146 1268 1430 1333 Crosno²
1475 1269 1703 1333 sedens
1766 1270 1897 1333 ullo
1952 1270 2143 1334 modo
2197 1270 2475 1334 transire
2517 1290 2664 1352 pro-

407 1354 637 1420 hibuit.
745 1353 871 1417 Sed
914 1375 1059 1418 cum
1103 1375 1216 1417 rex
1263 1354 1380 1417 VII
1425 1355 1560 1419 dies
1605 1355 1838 1419 ibidem
1894 1362 2182 1419 moratus
2228 1375 2419 1419 naves
2470 1364 2665 1437 atque

407 1445 634 1522 pontes
678 1445 954 1520 pararet,
1001 1440 1250 1505 divinus
1295 1449 1621 1524 respectus
1668 1442 1882 1505 missis
1928 1440 2434 1524 speculatoribus
2480 1437 2662 1527 [suis]

406 1524 640 1589 vadum
693 1525 974 1589 ostendit
1025 1527 1358 1609 optimum.
1465 1528 1669 1605 Quem
1722 1548 1836 1591 sex
1885 1528 2167 1609 legiones
2222 1528 2287 1589 in
2341 1529 2478 1609 ipso
2533 1526 2662 1590 diei

409 1611 820 1693 crepusculob
881 1612 1060 1675 iussu
1130 1612 1300 1693 regis
1369 1612 1687 1677 intrantes
1766 1612 2115 1677 incolumes
2190 1632 2265 1677 eo
2338 1613 2659 1678 fruuntur.

139 1715 164 1738 *
183 1717 266 1765 soz.
288 1718 376 1757 110.
407 1695 588 1774 Quod
634 1698 883 1781 eminus
929 1704 1344 1780 agnoscentes
1393 1698 1700 1762 Bolizlavi
1744 1698 2039 1762 custodes
2093 1697 2312 1762 *triste
2356 1699 2662 1761 nuncium

405 1802 481 1847 ac
532 1782 905 1847 incredibile
959 1784 1198 1848 seniori
1251 1784 1482 1847 suimet
1532 1784 1827 1848 celeriter
1880 1784 2263 1849 detulerunt.
2354 1784 2476 1847 Hic
2521 1792 2661 1848 tan-

405 1868 548 1932 dem
608 1890 726 1953 per
783 1875 916 1933 tres
985 1870 1084 1932 vel
1146 1869 1419 1951 amplius
1493 1870 1739 1953 legatos
1812 1879 2021 1933 certus
2084 1868 2346 1934 effectus
2426 1871 2661 1933 amotis

401 1975 669 2039 propere
706 1956 936 2018 castris
981 1956 1116 2037 ipse
1155 1975 1300 2017 cum
1337 1955 1488 2033 suis,
1549 1955 1838 2037 pluribus
1879 1955 2120 2019 ibidem
2167 1956 2410 2019 relictis
2446 1956 2657 2031 rebuS,

402 2041 586 2122 fugit.
691 2040 765 2103 Id
818 2061 933 2103 rex
987 2061 1130 2103 cum
1184 2041 1317 2103 suis
1381 2050 1567 2104 caute
1634 2041 2045 2105 considerans
2117 2040 2371 2119 Christo
2420 2041 2657 2106 laudes

404 2147 549 2189 cum
595 2126 764 2189 clero
823 2132 887 2189 et
929 2127 1101 2189 omni
1145 2126 1378 2209 populo
1433 2126 1571 2191 alta
1616 2148 1765 2191 voce
1812 2128 2043 2191 cecinit
2104 2133 2169 2192 et
2220 2148 2365 2190 cum
2421 2127 2661 2191 securi-

403 2216 538 2274 tate
582 2210 816 2274 flumen
852 2213 1243 2294 pertransiit.
1315 2211 1424 2274 Hii
1459 2218 1698 2291 autem,
1737 2216 1847 2296 qui
1886 2218 2349 2295 precesserunt,
2398 2214 2463 2275 ni
2510 2212 2660 2275 Liu—

404 2296 594 2360 ticios
633 2296 742 2359 diu
779 2298 1110 2361 tardantes
1146 2307 1611 2379 exspectarent,
1648 2300 1858 2363 hostes
1894 2302 1961 2362 in
1989 2300 2280 2362 tentoriis
2309 2298 2661 2381 inprovisos

401 2382 850 2464 opprimerent.
946 2384 1116 2462 Quos
1153 2385 1360 2447 nostri
1397 2384 1736 2449 alacriter⁰
1777 2386 2117 2467 insequuti,
2166 2384 2363 2447 veluti
2401 2384 2661 2465 fugaces

403 2488 621 2532 cervos
665 2470 964 2552 persequi
1009 2490 1152 2534 cum
1197 2490 1325 2533 non
1369 2470 1671 2551 valerent,
1719 2470 1802 2534 ad
1849 2471 2177 2536 consocios
2232 2475 2657 2534 revertuntur.

575 2556 674 2621 27.
723 2556 882 2638 (20.)
966 2555 1300 2620 Profectus
1347 2563 1448 2620 est
1490 2556 1641 2621 inde
1685 2577 1799 2620 rex
1844 2564 1908 2620 et
1944 2577 2145 2639 usque
2185 2556 2267 2619 ad
2307 2555 2658 2635 abbaciam,

401 2661 567 2724 quae
613 2641 909 2704 Mezerici
965 2640 1263 2720 dicitur3,
1332 2643 1709 2724 perveniens
1764 2643 2107 2706 annualem
2154 2641 2245 2705 ibi
2290 2641 2657 2706 'l‘hebaidae
2686 2663 2805 2712 sept.
2824 2664 2889 2702 22.

399 2724 666 2809 legionis
720 2727 1162 2806 festivitatem,
1227 2749 1356 2810 qua
1409 2729 1693 2792 maxima
1744 2735 1898 2792 tunc
1952 2729 2369 2791 veneracione
2430 2729 2659 2811 potuit,

400 2813 716 2894 complere
788 2810 1081 2900 [studuit]
1163 2820 1243 2892 et,
1309 2834 1388 2878 ne
1459 2816 1917 2878 monasterium
1980 2815 2097 2878 hoc
2158 2835 2235 2877 ac
2298 2812 2657 2877 absentium

400 2899 766 2962 mansiones
812 2898 1264 2963 monachorum
1311 2900 1597 2981 aliquam
1642 2921 1683 2964 a
1727 2901 1861 2964 suis
1907 2907 2239 2982 pateretur
2278 2899 2655 2978 molestiam,

401 2983 653 3047 studuit
704 2984 1063 3065 prohibere.
1167 2985 1409 3050 Dehinc
1461 2985 1703 3050 hostem
1760 2987 1827 3050 in
1882 2985 2059 3049 nulla
2114 2985 2348 3048 suimet
2401 2984 2657 3048 urbium

399 3075 775 3150 pernoctare
854 3077 1327 3151 presumentem
1418 3073 1709 3152 proxima
1788 3093 2035 3155 queque
2114 3071 2425 3135 vastando
2511 3092 2658 3152 pro-

401 3155 690 3237 sequitur
734 3160 798 3219 et
841 3176 967 3219 non
1013 3156 1266 3238 longius
1311 3179 1500 3241 quam
1549 3157 1675 3222 duo
1720 3159 2002 3222 miliaria
2048 3155 2129 3220 ab
2176 3157 2333 3220 urbe
2379 3157 2657 3221 Posnani

397 3246 658 3320 rogatus
720 3263 759 3302 a
825 3241 958 3304 suis
1018 3243 1400 3324 primatibus
1465 3241 1772 3307 consedit.
1878 3243 2254 3306 Excercitus
2316 3249 2535 3306 autem
2590 3245 2656 3307 in

399 3326 775 3408 colligendis
860 3326 1152 3409 frugibus
1225 3330 1623 3411 caeterisque
1701 3329 1894 3393 rebus
1965 3329 2344 3393 necessariis
2415 3328 2656 3392 divisus

394 3413 735 3494 magnum<1
761 3411 844 3476 ab
871 3413 1327 3478 insidiantibus
1357 3416 1631 3480 inimicis
1661 3416 1971 3480 sustinuit
1998 3414 2322 3480 damnum.
2388 3413 2655 3478 Interim

394 3517 509 3582 per
569 3496 730 3562 fidos
792 3499 1242 3564 intercessores
1317 3502 1485 3585 regis
1556 3502 1828 3583 gratiam
1892 3501 2249 3564 Bolizlavus
2321 3501 2515 3581 peciit
2593 3507 2656 3564 et

396 3583 690 3670 exaudiri
738 3581 928 3672 [mox]
972 3587 1349 3668 promeruit.
1450 3586 1692 3670 Tagino
1740 3586 2260 3671 archiepiscopus
2316 3607 2459 3650 cum
2510 3586 2654 3650 aliis

393 3669 824 3735 familiaribus
877 3674 1044 3754 regis
1099 3673 1181 3736 ad
1237 3674 1561 3737 civitatem
1605 3673 1961 3756 predictam
2014 3694 2053 3736 a
2098 3671 2425 3736 Bolizlavo
2471 3692 2654 3753 roga-

111 3768 364 3820 *s010110‘·
393 3763 502 3821 tus
553 3757 727 3820 venit
788 3762 851 3821 et
904 3755 1080 3820 *cum
1135 3759 1512 3823 iuramentis
1580 3781 1655 3823 ac
1709 3758 2271 3824 emendacionibus
2326 3757 2655 3840 condignis

505 3928 561 3994 ²¹⁴)
599 3929 815 3996 Repetit
863 3929 975 3983 cod.
1019 3929 1052 3982 2
1099 3946 1238 3996 quae
1287 3931 1400 3984 iam
1450 3932 1699 3986 dixerat.-
1773 3931 1847 3984 Hi
1902 3947 2061 3998 supra
2104 3929 2391 3984 memorati
2434 3929 2653 3992 milites,

597 3996 864 4120 qppgildtplffi
901 3998 1038 4051 servi
1075 4015 1127 4050 n.
1166 4015 1217 4067 q.
1253 3999 1290 4052 i.
1327 4003 1368 4053 t.
1403 3999 1458 4063 1.,
1494 4002 1536 4053 t.
1577 4015 1620 4053 c.
1650 4017 1696 4052 a.
1724 4017 1767 4053 r.
1805 3999 2062 4053 auxilium
2100 3998 2305 4052 ferendi
2342 4014 2500 4051 causa
2534 4013 2653 4065 per·

390 4211 434 4259 a)
487 4211 640 4260 scripti
673 4214 759 4252 rari
797 4212 1080 4250 auscultante
1115 4212 1178 4261 B,
1221 4223 1325 4251 corr.
1357 4213 1406 4251 T.
1525 4212 1575 4262 b)
1620 4223 1673 4251 ns
1710 4211 1814 4252 add.
1847 4214 1894 4252 T.
2028 4212 2069 4263 c)
2114 4213 2339 4251 &lacliater
2364 4214 2425 4262 B,
2462 4223 2570 4252 corr.
2602 4213 2650 4252 T.

390 4261 437 4312 d)
462 4271 664 4312 magnam
693 4265 745 4314 B,
775 4274 883 4303 corr.
911 4263 957 4303 Τ.

393 4389 446 4452 1)
482 4389 626 4443 Bobr
645 4394 756 4458 pol.
784 4399 836 4446 et
861 4392 978 4445 boh.
1009 4411 1078 4436 =
1106 4399 1299 4448 castor.
1424 4393 1476 4458 2)
1517 4393 1761 4448 Orossen.
1883 4393 1939 4460 3)
1978 4395 2237 4448 Meseritz
2264 4394 2422 4448 iuxta
2451 4393 2655 4448 Obram

389 4457 622 4523 fluvium
656 4460 714 4513 in
747 4462 1029 4528 provincia
1064 4462 1262 4516 Posen.
1331 4465 1399 4515 L.
