3100 5050
492 410 594 463 188
1007 407 1415 463 THIETMARI
1449 406 1713 461 CHRON.
1784 408 1921 462 LIB.
1958 408 2067 463 VII
2102 406 2241 475 (vl).

493 560 768 625 accessit
809 559 1136 625 honorem.
1227 560 1380 625 Post
1423 560 1677 639 longam
1718 558 1967 646 [animi]
2008 562 2405 625 exestuantis
2441 560 2758 626 delibera-

491 646 743 709 cionem
787 644 1034 727 legatos
1078 645 1161 711 ad
1205 666 1417 727 regem
1465 645 1661 717 misit.
1706 645 1820 726 qui
1860 646 2235 710 comitatum
2272 646 2593 729 quendam
2631 647 2760 711 sibi

493 729 634 794 dari
682 730 1004 813 *peterent
1061 738 1127 795 et
1169 750 1478 795 coronam
1531 732 1766 795 suimet
1812 751 1954 794 cum
1999 730 2191 795 filiisl
2250 733 2310 796 ei
2354 731 2757 796 redditurum
2789 754 2811 776 *
2836 757 2927 804 sot.
2946 756 3041 793 138.

495 815 807 879 veraciter
865 817 1329 899 promitterent.
1443 814 1581 877 Hoc
1638 836 1785 883 cum
1848 817 2120 880 consilio
2183 816 2591 899 quorundam
2654 839 2760 881 ac-

492 902 830 983 quiescens
880 901 1096 965 facere
1148 922 1260 967 rex
1304 900 1637 977 noluisset,
1691 906 1768 965 ut
1810 903 1877 965 in
1924 904 2346 984 sequentibus
2390 902 2757 967 enucleabo,

494 986 578 1054 ad
625 1008 926 1069 magnum
969 988 1104 1051 suis
1149 985 1583 1053 familiaribus
1626 988 1959 1066 provenire
2008 986 2355 1069 dampnum
2412 986 2477 1050 id
2532 995 2757 1069 postea

493 1072 830 1155 persensit.

663 1159 764 1221 34.
839 1155 964 1220 Sed
1018 1158 1396 1239 priusquam
1450 1156 1613 1220 haec
1667 1156 2031 1239 aggrediar,
2095 1177 2261 1239 quae
2316 1158 2610 1240 superius
2660 1158 2756 1221 in·

494 1242 787 1308 discussa
833 1242 1152 1308 oblivione
1195 1242 1480 1325 preterii,
1527 1242 1903 1323 prescriptis
1949 1242 2359 1324 interponere
2404 1262 2621 1306 conor.

663 1326 821 1413 (58.)
893 1328 1044 1393 Fuit
1087 1327 1354 1411 quidam
1401 1327 1577 1391 Brun
1622 1328 1899 1402 nomine,
1956 1328 2453 1410 contemporalis
2504 1334 2569 1392 et
2612 1349 2760 1393 cen-

492 1412 872 1479 scolasticus
937 1433 1142 1490 meus,
1207 1434 1286 1477 ex
1348 1432 1579 1495 genere
1642 1412 2003 1477 clarissimo
2064 1411 2303 1490 edituS,
2368 1412 2477 1477 sed
2544 1412 2759 1478 divina

492 1498 910 1563 miseratione
953 1518 1068 1580 pre
1112 1498 1386 1563 caeteris
1430 1496 1809 1580 parentibus
1854 1498 2025 1563 inter
2066 1495 2235 1561 filios
2282 1498 2398 1562 Dei
2452 1498 2695 1565 electus
2710 1497 2757 1562 ².

492 1584 615 1649 Hic
672 1584 756 1649 ab
810 1583 931 1647 lda
982 1583 1332 1649 venerabili
1385 1590 1594 1647 matre
1646 1603 1765 1649 sua
1816 1584 2005 1647 unice
2060 1582 2335 1649 dilectus
2388 1584 2757 1666 magisterio

491 1668 820 1734 Geddonis
855 1667 1265 1752 philosophi3
1302 1668 1605 1745 traditur,
1650 1676 1714 1733 et
1753 1688 1955 1746 omne,
1995 1667 2170 1751 quod
2206 1668 2479 1733 habere*
2516 1669 2756 1745 debuit,

491 1774 636 1823 cum
709 1753 1205 1821 habundanciab
1277 1754 1660 1836 suggeritur.
1777 1752 1989 1818 Huius
2058 1760 2246 1835 pater
2315 1762 2457 1819 erat
2522 1753 2758 1832 Brun4,

491 1840 709 1905 senior
761 1840 1052 1923 egregius
1105 1846 1170 1903 et
1219 1860 1338 1921 per
1390 1844 1623 1904 cuncta
1673 1837 2047 1915 laudabilis,
2102 1840 2348 1903 amicus
2401 1840 2558 1904 mihi
2612 1860 2759 1903 con-

489 1924 974 2006 sanguinitate⁵
1017 1931 1084 1990 et
1129 1924 1426 1991 omnibus
1461 1933 1606 1987 erat
1639 1924 1971 2006 proximus
2008 1924 2469 1991 familiaritate.
2558 1926 2761 1989 Filius

495 2016 714 2077 autem
745 2012 886 2075 eius
918 2008 1010 2097 [et
1037 2007 1428 2095 equivocusJ,
1469 2031 1614 2074 cum
1654 2029 1841 2075 mane
1875 2008 1959 2073 ad
1988 2010 2229 2073 scolam
2260 2011 2353 2073 ire
2382 2010 2760 2088 debuissetss,

494 2101 840 2177 autequam
902 2095 984 2161 ab
1043 2095 1166 2161 hos·
1207 2096 1330 2160 icio
1395 2096 1627 2173 exiret,
1704 2095 1953 2159 veniam
2011 2096 2201 2178 petiit
2270 2104 2336 2159 et
2392 2094 2760 2161 ludentibus

495 2180 680 2245 nobis
725 2183 792 2245 in
835 2182 1128 2245 oratione
1160 2117 1284 2268 Yis]
1333 2180 1476 2247 fuit.
1582 2179 1736 2245 Ocio
1782 2181 2123 2263 negocium
2174 2182 2505 2265 preposuit
2560 2187 2625 2245 et
2668 2182 2762 2245 sic

493 2265 890 2333 fructificans
943 2266 1028 2333 ad
1081 2268 1525 2331 maturitatem
1578 2268 1883 2348 pervenit.
1994 2270 2042 2329 A
2101 2266 2302 2331 tercio
2354 2266 2763 2332 desideratur

293 2362 455 2428 (997).
493 2352 732 2417 Ottone
770 2359 834 2419 et
869 2352 1240 2435 succipitur,
1285 2372 1474 2435 quem
1503 2372 1629 2416 non
1665 2352 1853 2434 longe
1934 2358 2037 2416 ost
2062 2352 2365 2418 deserens
2400 2353 2759 2417 solit-ariam

492 2438 769 2519 quesivit
801 2436 1035 2501 vitamss-
1093 2435 1183 2524 [et
1217 2436 1295 2503 de
1340 2458 1529 2519 opere
1568 2456 1685 2502 suo
1720 2437 1883 2502 vixit
1915 2488 1927 2500 .
2024 2437 2090 2503 Is
2129 2458 2277 2503 vero
2312 2446 2459 2521 post
2494 2444 2761 2503 mortem

491 2522 939 2606 gloriosissimi
983 2523 1412 2607 imperatoris,
1467 2524 1816 2606 regnanted
1860 2530 2014 2591 tunc
2058 2522 2339 2588 secundo
2386 2523 2506 2588 Dei
2551 2524 2762 2606 gratia

491 2610 823 2687 HeinricO,
883 2608 969 2675 ad
1013 2609 1352 2690 Mersburg
1396 2611 1657 2674 veniens
1702 2608 2215 2675 benediccionem
2260 2631 2407 2673 cum
2458 2610 2761 2674 *licencia
2789 2631 2811 2654 ¹·
2835 2645 2888 2682 p.
2906 2635 2999 2674 834.

489 2695 710 2764 domni
752 2695 1002 2778 papae⁷
1047 2695 1476 2778 episcopalem
1523 2694 1641 2760 *ab
1686 2715 1763 2762 eo
1807 2694 2004 2778 peciit
2060 2703 2125 2758 et
2169 2695 2305 2758 eius
2352 2696 2633 2761 iussione
2672 2696 2755 2759 ab
2785 2715 2916 2766 *sou
2938 2717 3035 2759 138¹.
3082 2703 3085 2774 Ῑ

489 2781 972 2863 archiepiscopo
1019 2781 1343 2862 Taginone
1387 2780 1939 2846 consecracionem
1994 2787 2077 2858 et,
2122 2780 2301 2862 qued
2345 2780 2484 2862 ipse
2527 2780 2760 2846 detulit
3083 2775 3084 2818 ³

271 2850 450 2956 (3³⁰4)
487 2863 634 2944 huc,
699 2867 970 2948 pallium
1033 2866 1270 2931 ibidem
1335 2868 1637 2950 suscepit.
1748 2867 1986 2930 Dehinc
2046 2864 2128 2928 ob
2192 2865 2438 2930 lucrum
2505 2867 2759 2940 anima-e

277 2917 293 2968 (
336 2919 440 2969 ον’)
485 2949 771 3018 laborem
833 2951 1034 3016 subiit
1095 2951 1387 3020 diversae
1449 2971 1528 3016 ac
1590 2950 1853 3032 grandis
1909 2951 2076 3027 viae,
2141 2951 2465 3034 castigans
2524 2972 2758 3034 corpus

487 3036 706 3102 inedia
767 3043 835 3100 et
895 3038 1192 3102 crucians
1251 3036 1493 3118 vigilia.
1606 3035 1810 3102 Multa
1874 3057 1915 3100 a
1976 3035 2291 3100 Bolizlavo
2354 3038 2757 3119 caeterisque

487 3120 793 3186 divitibus
838 3121 1005 3188 bona
1049 3122 1356 3204 suscepit,
1411 3143 1583 3205 quae
1626 3141 1776 3184 mox
1820 3121 2151 3186 aecclesiis
2195 3142 2271 3186 ac
2326 3121 2757 3190 familiaribus

489 3207 623 3272 suis
669 3213 734 3272 et
775 3207 1172 3289 pauperibus
1215 3208 1305 3270 nil
1353 3207 1478 3271 sibi
1523 3205 1859 3273 retinendo
1904 3207 2140 3272 divisit.

252 3304 450 3370 (1009).
658 3295 759 3361 35.
829 3293 906 3360 In
953 3293 1333 3360 duodecimo
1367 3293 1804 3360 conversionis
1840 3314 1918 3357 ac
1956 3292 2216 3358 inclitae
2254 3294 2755 3358 conversationis

217 3397 380 3437 nauh.
395 3399 459 3448 13,
486 3399 643 3444 suae
701 3401 870 3444 anne
929 3379 1013 3444 ad
1069 3378 1370 3444 Pruciam
1439 3399 1716 3464 pergens
1784 3379 2035 3442 steriles
2090 3378 2211 3444 hos
2273 3399 2461 3462 agros
2513 3379 2753 3442 semine

271 3449 390 3489 3‘8·
485 3463 699 3532 divino
762 3464 1010 3530 studuit
1074 3463 1449 3543 fecundare3
1527 3463 1641 3528 sed
1704 3464 1907 3544 spinis
1974 3463 2421 3548 pululantibus
2490 3464 2754 3528 horrida

485 3569 610 3613 non
657 3551 868 3632 potuit
901 3549 1092 3614 facile
1130 3550 1387 3615 molliri.
1478 3549 1657 3614 Tunc
1696 3551 1759 3613 in
1801 3548 2074 3614 confinio
2111 3550 2439 3632 predictae
2477 3551 2753 3632 regionis

483 3703 530 3753 a)
556 3703 680 3743 abire
706 3705 758 3753 Β,
790 3716 897 3744 corr.
921 3705 968 3743 Τ.
1076 3705 1124 3754 b)
1151 3703 1375 3744 habuneia
1401 3705 1442 3743 1.
1549 3702 1593 3756 c)
1618 3703 1823 3744 debuiset
1850 3707 1889 3744 1.
1998 3703 2045 3754 d)
2074 3709 2285 3750 religante
2314 3707 2353 3743 ι.

485 3808 536 3871 1)
589 3807 712 3861 Scit.
749 3807 1000 3860 obsidum
1037 3809 1147 3860 Ioco
1183 3807 1484 3873 habendi8;
1540 3823 1589 3860 v.
1619 3806 1859 3860 ‘Jahrb.’
1902 3807 1985 3870 II,
2023 3807 2143 3860 416.
2312 3807 2365 3870 2)
2416 3808 2504 3860 De
2538 3822 2642 3874 quo
2678 3808 2749 3870 cf.

479 3892 528 3928 v.
550 3877 854 3942 Zeissbery,
892 3873 1206 3928 ‘Heinrichs
1232 3876 1318 3928 II.
1357 3875 1759 3944 Polenkrieye’,
1820 3875 2040 3928 Wiener
2074 3875 2189 3930 SR.
2226 3875 2423 3940 LVII,
2458 3876 2747 3932 346—369.

479 3944 534 4007 3)
573 3944 799 3998 Scholae
837 3943 1330 4010 Maydeburyemis
1373 3945 1657 4012 v1aea90'str63
1708 3941 1781 4004 cf.
1834 3943 1998 4005 VIII,
2036 3944 2122 3998 35.
2202 3945 2311 4006 Qui
2342 3946 2402 3998 in
2436 3943 2529 3998 illo
2564 3943 2749 4011 officio

479 4012 804 4066 Elokiltardo
840 4011 994 4075 Rufo
1029 4012 1158 4074 (IV,
1195 4013 1289 4072 66)
1339 4013 1547 4066 uidetur
1591 4012 1944 4078 successisse5
2000 4012 2071 4080 cs.
2116 4012 2308 4066 Uhlirz
2343 4014 2376 4066 l.
2415 4029 2487 4077 a,
2534 4027 2592 4078 p.
2633 4014 2749 4066 112.

477 4081 534 4143 4)
570 4080 759 4135 Comes
782 4079 866 4142 (?)
897 4079 1325 4148 Querfurteusis,
1362 4082 1428 4133 de
1453 4097 1559 4149 quo
1586 4097 1634 4134 v.
1664 4081 1838 4135 Gesta
1865 4081 2106 4147 archiep.
2136 4081 2332 4147 Mayd.
2360 4098 2406 4135 c.
2440 4082 2519 4146 15,
2542 4097 2599 4147 p.
2626 4081 2749 4146 395,

479 4151 626 4204 Απη.
661 4150 848 4218 Μαρά.
878 4166 927 4202 a.
959 4151 1111 4214 1009,
1143 4150 1286 4202 Anu.
1317 4149 1450 4203 Sam.
1479 4167 1530 4203 a.
1563 4152 1699 4204 1009
1730 4157 1779 4204 et
1807 4151 1957 4204 1106.
2096 4150 2150 4212 5)
2190 4149 2454 4204 Fortasse
2487 4150 2743 4216 oriyinem

477 4219 638 4272 duoeit
685 4236 737 4272 a.
784 4220 1050 4273 Brunom
1107 4219 1293 4272 comite
1343 4218 1781 4286 Arasmi-qenai,
1843 4218 1941 4286 qui
1990 4233 2235 4284 proavus
2282 4218 2581 4272 Tkietmari
2608 4218 2747 4281 suit.

477 4287 530 4350 6)
584 4287 742 4350 Quod
789 4304 840 4341 a.
876 4285 979 4338 997
1012 4286 1236 4349 factum
1281 4302 1396 4340 esse
1444 4303 1512 4341 ex
1556 4302 1617 4341 eo
1663 4303 1722 4341 se
1794 4287 1917 4351 itur,
1963 4285 2108 4354 quod
2144 4287 2319 4352 paulo
2362 4284 2518 4352 infra
2562 4302 2747 4339 annus

478 4357 614 4409 1009
684 4354 1024 4408 duodecimus
1097 4355 1450 4408 conversionis
1523 4372 1586 4410 ac
1647 4355 1734 4408 inc
1762 4355 1869 4408 'tae
1938 4353 2355 4407 conversationis
2416 4355 2743 4420 appellatur.

477 4423 530 4484 7)
561 4423 962 4486 Silvestri311.,
990 4427 1053 4476 ut
1079 4422 1248 4476 Gesta
1276 4425 1438 4490 episc.
1470 4424 1829 4478 Halberstad.
1855 4421 2102 4488 referunt
2112 4441 2130 4487 ,·
2170 4421 2241 4476 ‘J
2236 4423 2410 4476 ahrbss
2433 4423 2518 4488 II,
2546 4422 2648 4476 267
2667 4438 2744 4490 sq.
