3100 5050
401 368 504 425 114
1024 362 1434 420 THIETMARI
1467 363 1730 422 CHRON.
1800 365 1939 421 LIB.
1976 367 2042 420 V.

213 532 367 589 1002.
402 521 534 607 gali
571 518 904 586 unc*cione
947 518 1192 585 cunctis
1235 518 1639 603 presentibus
1677 519 1885 585 Deum
1919 515 2439 583 collaudantibus
2474 536 2653 582 coro·
2676 536 2697 559 *
2718 548 2765 585 ιιι.
2800 538 2895 580 ¹194.

185 2598 287 2640 Iun.
306 2600 374 2639 24.

93 3025 196 3069 Iun.
216 3027 282 3068 89.
305 3025 374 3067 80.

401 613 610 673 natur.
675 606 1076 671 Francorum
1126 611 1191 669 et
1227 602 1829 670 Muselenensium⁸·
1848 606 1871 651 1
1906 603 2221 687 primatus
2254 604 2392 687 regi
2426 623 2657 667 manus

400 701 556 760 tunc
599 690 970 777 applicansb
1013 692 1288 775 gratiam
1334 690 1621 755 eiusdem
1664 691 1916 756 meruit.

579 780 676 843 12.
750 776 1060 841 Omnibus
1105 775 1232 841 huc
1273 776 1555 859 undique
1601 775 2067 841 confluentibus
2113 776 2219 839 in0
2260 774 2571 839 miliciam
2614 794 2656 839 a

401 884 548 946 rege
578 863 894 946 susceptis
928 884 1154 929 rursus
1179 862 1426 927 Renum
1464 861 1883 927 inundantem
1918 882 2033 926 rex
2067 861 2302 927 novus⁶
2335 860 2655 925 transiens

401 971 518 1034 per
567 948 943 1015 orientalem
988 948 1326 1025 Franciam
1337 959 1382 1025 0,
1439 947 1565 1013 sibi
1625 967 1820 1031 quam
1876 945 2155 1027 fidelem,
2211 946 2657 1012 Alemanniam

401 1035 702 1101 invadere
746 1039 811 1101 et
854 1054 1000 1099 cum
1047 1033 1540 1117 depopulatione
1584 1033 1757 1098 illius
1796 1040 2009 1099 terrae
2046 1030 2131 1097 ab
2164 1033 2433 1117 inceptis
2470 1030 2655 1097 Heri-

402 1141 706 1189 mannum
741 1119 1142 1185 resistentem
1183 1123 1455 1184 conatur
1491 1125 1798 1187 avertere.
1868 1117 2015 1183 Dux
2051 1123 2267 1184 autem
2304 1123 2377 1183 ut
2413 1117 2658 1182 audivit

403 1228 524 1275 sua
557 1228 598 1273 a
632 1226 783 1287 rege
815 1204 1106 1289 predata,
1152 1203 1435 1270 nondum
1468 1205 1685 1271 volens
1721 1203 2102 1283 humiliaris,
2148 1203 2261 1269 sed
2295 1223 2411 1287 pro
2438 1202 2653 1267 dolor!

403 1299 634 1360 contra
693 1292 1018 1357 dominum
1082 1298 1147 1355 et
1205 1311 1422 1373 regem
1478 1291 1771 1356 exaltans
1824 1310 1920 1368 se,
1984 1295 2178 1373 caput
2229 1289 2501 1355 ducatus
2554 1286 2656 1353 sui

405 1380 848 1463 Argentinam‚
904 1396 1029 1459 que
1075 1375 1424 1460 Strazburg
1469 1376 1734 1454 dicitur,
1790 1376 1942 1459 quia
1986 1378 2325 1459 episcopus
2370 1374 2657 1439 eiusdem

403 1465 585 1532 urbis
637 1460 1029 1529 Wicelinus²
1081 1461 1202 1526 sibi
1255 1463 1555 1527 resistere
1608 1463 2097 1545 presumpserit,
2158 1482 2304 1526 cum
2360 1460 2656 1525 Conrado

403 1551 638 1615 suimet
689 1545 1034 1633 genero⁸·3
1103 1548 1305 1613 milite
1357 1549 1522 1633 petit
1582 1554 1833 1613 armato
1895 1567 2239 1630 murosque
2302 1544 2657 1623 ascendens

401 1638 496 1703 nil
545 1635 732 1701 victis
775 1632 1051 1717 reliquid
1062 1634 1110 1703 ¹².
1218 1632 1345 1699 Sed
1405 1640 1706 1699 execrata
1758 1634 2256 1699 Alemannorum
2316 1632 2511 1697 turba
2572 1630 2656 1695 ad

401 1719 780 1806 rapiendum
849 1718 1333 1805 promptissima
1408 1720 1611 1785 inscio
1686 1719 1847 1785 duce
1924 1719 2233 1783 maiorem
2320 1717 2656 1783 ecclesiam

403 1812 666 1874 sanctae
708 1806 832 1871 Dei
887 1805 1219 1888 genitricis
1272 1806 1596 1890 intrepida
1638 1804 1922 1870 *intrans
1985 1824 2231 1869 omne-m
2278 1803 2653 1869 thesaurum

402 1892 627 1977 diripit
667 1897 752 1970 et,
797 1891 967 1975 quod
1013 1892 1362 1957 maximum
1407 1896 1550 1957 erat
1596 1890 1866 1969 facium,
1911 1891 2057 1975 igne
2102 1888 2357 1954 domum
2402 1888 2656 1953 Domini

403 1978 816 2062 consumpsit.
905 1976 973 2042 Si
1012 1998 1156 2042 vere
1198 1976 1354 2043 felix
1396 1976 1647 2056 fuisset,
1690 1976 1885 2060 primi
1930 1978 2256 2059 ingressus
2300 1974 2655 2040 acerbitate

402 2064 710 2131 deterrita
765 2082 1116 2147 numquam
1169 2064 1420 2147 maiora
1461 2062 1727 2147 aggredi
1769 2068 2188 2143 presumeret.
2277 2060 2442 2126 Nam
2490 2062 2657 2125 anti-

405 2150 576 2218 stitis
629 2148 944 2214 militibus
998 2147 1380 2213 Reinwardo
1438 2154 1703 2214 auctore
1753 2148 2101 2213 >infideliter
2151 2145 2655 2231 repugnantibus

402 2236 686 2301 maxima
745 2234 1026 2299 hostium
1087 2240 1348 2299 caterva
1421 2236 1672 2299 irruens
1739 2234 2000 2317 proprio
2069 2232 2364 2317 perfossa
2432 2232 2657 2298 hastili

403 2322 646 2389 corruit
721 2321 1043 2403 vitamque
1125 2320 1294 2385 hanc
1363 2319 1581 2385 divina
1656 2320 1896 2385 ultione
1928 2390 1931 2395 ,
1967 2318 2422 2384 miserabiliter
2491 2317 2653 2383 finit.

403 2408 580 2473 Haec
646 2406 1080 2473 Herimannus
1145 2405 1496 2471 insolabili¹
1559 2414 1823 2490 questus
1886 2426 2133 2470 merore
2198 2404 2500 2469 discescit
2558 2405 2655 2469 in-

404 2493 755 2576 ultumque,
803 2492 954 2576 quia
999 2490 1286 2557 defendit
1328 2512 1652 2571 numeruS,
1700 2490 2002 2577 reliquid.-

578 2581 676 2647 13.
714 2576 830 2664 (8.)
894 2579 1053 2662 Regi
1087 2586 1304 2642 autem
1340 2577 1516 2660 apud
1550 2579 1823 2660 Augiam
1860 2574 2179 2643 insulam4
2216 2575 2655 2642 nativitatemk

403 2666 612 2732 sancti
638 2665 942 2730 Iohannis
989 2664 1311 2748 baptistae
1349 2665 1769 2730 commoranti
1807 2663 1981 2728 fama
2017 2663 2198 2728 velox
2234 2669 2299 2727 et
2324 2662 2656 2746 sepissime

401 2749 601 2817 dubia
639 2750 1130 2816 Herimannum¹
1174 2749 1402 2815 ducem
1439 2750 1620 2815 litem
1658 2748 1873 2814 duello
1910 2769 2107 2814 causa
2139 2747 2404 2818 finiendi
2439 2748 2655 2812 venire

401 2837 723 2902 nuntiavit
761 2834 1160 2920 eundemque
1200 2835 1352 2900 hinc
1395 2835 1724 2901 discedere
1768 2834 2239 2919 adventumque
2285 2834 2464 2900 ducis
2508 2853 2654 2898 cum

401 2923 646 2989 iudicio
698 2942 910 3005 pugne
963 2923 1031 2986 in
1083 2922 1288 3006 pratis
1331 2921 1683 2986 virentibus
1736 2943 1814 2986 ac
1864 2920 2020 2986 latis
2064 2921 2219 2986 fecit
2262 2927 2655 3003 exspectare.

403 3008 506 3074 Ibi
537 3015 693 3075 tunc
727 3007 1159 3093 apostolorum
1177 3006 1206 3052 ⁵
1240 3005 1569 3072 celebrans
1600 3006 1768 3072 festa
1792 3007 2176 3091 longumque
2203 3003 2655 3072 certitudinem

400 3093 758 3179 prestolans
819 3093 1044 3158 ducem
1097 3090 1368 3175 inceptis
1420 3093 1763 3176 persistere
1816 3113 2023 3176 neque
2076 3092 2233 3158 velle
2286 3112 2405 3157 nec
2464 3111 2655 3173 posse

444 3201 515 3245 ro
560 3186 734 3244 certo
777 3179 1106 3263 comperit.
1207 3177 1585 3244 Consultum
1630 3185 1729 3244 est
1770 3179 1831 3244 ei
1876 3199 1917 3243 a
1959 3178 2339 3244 malesuasis
2382 3177 2655 3243 fautori-

399 3202 547 3344 ξοδ,
604 3264 774 3349 quod
816 3265 1206 3348 Argentinae
1258 3263 1564 3329 damnum
1618 3263 1995 3330 Constantia
2046 3265 2363 3348 impleret.
2460 3261 2653 3328 Nam-

401 3371 526 3436 que
587 3350 872 3415 eiusdem
932 3350 1212 3415 civitatis
1272 3351 1633 3434 episcopus,
1696 3351 1955 3415 nomine
2016 3348 2444 3428 Lanbertus⁶‚
2508 3370 2652 3414 cum

401 3436 698 3504 Curiensi
764 3441 1042 3519 pastore·
1105 3434 1504 3502 *Othelrico⁷
1570 3435 2110 3514 2-Herimannumm
2195 3434 2652 3513 auxiliabatur,

399 3543 528 3587 non
567 3527 824 3588 tantum
867 3543 945 3587 ex
989 3522 1222 3601 anime,
1280 3528 1594 3605 quantum
1636 3523 1705 3586 in
1750 3523 2029 3588 civitatis
2075 3523 2375 3606 contiguo
2389 3519 2437 3587 8.
2527 3519 2651 3586 Sed

399 3660 443 3709 a)
467 3659 862 3700 muselenensium
880 3659 933 3698 Δ.
1029 3656 1078 3711 b)
1104 3659 1335 3708 applicatis
1362 3659 1416 3700 A.
1512 3659 1555 3708 c)
1579 3659 1649 3699 1A
1662 3673 1680 3708 ,-
1704 3661 1723 3699 ῑ
1749 3659 1798 3700 V.
1902 3657 1949 3710 d)
1974 3660 2035 3700 ita
2062 3661 2117 3709 V,-
2146 3661 2275 3700 noute
2290 3661 2343 3700 A.
2442 3658 2485 3710 e)
2512 3657 2655 3698 franc·

399 3712 508 3752 tiam
525 3710 576 3754 Δ.
687 3710 726 3762 f>
751 3711 983 3751 humiliare
1002 3712 1054 3754 Α.
1163 3710 1210 3760 g)
1234 3721 1292 3760 ge
1307 3721 1358 3750 ro
1375 3712 1422 3750 in
1439 3711 1607 3752 duabus
1622 3711 1747 3751 lineis
1766 3715 1808 3761 ις
1842 3721 2049 3760 germano
2066 3713 2106 3761 2,
2124 3713 2175 3752 A.
2197 3712 2241 3753 Β.
2346 3709 2399 3764 h)
2422 3709 2583 3760 reuqiu
2597 3709 2649 3762 A,

397 3761 912 3863 Legltllxigmrssenssdovplqc.
951 3773 1058 3804 corr.
1181 3763 1215 3814 1)
1255 3763 1462 3803 insolabli
1496 3765 1536 3803 1.
1659 3762 1707 3815 k)
1749 3763 1797 3803 in
1830 3762 2058 3803 nativitate
2104 3763 2147 3805 V.
2276 3761 2313 3814 1)
2359 3764 2377 3803 1
2412 3774 2574 3804 erasum
2610 3764 2650 3807 1,

403 3918 454 3983 1)
504 3918 910 3972 Muselenenses
957 3924 1090 3972 sunt
1137 3917 1449 3984 Mosellam’,
1498 3919 1715 3974 accolae
1760 3919 2025 3973 Mosellae
2068 3919 2316 3986 fluminis
2360 3925 2411 3974 et
2442 3918 2653 3973 incolae

398 3986 794 4054 Lotharinqiae
840 3987 1152 4054 superioris,
1196 3988 1353 4041 cuius
1400 3987 1516 4042 dux
1566 3994 1728 4042 antea
1778 3987 2150 4054 dubitaverat5
2194 3991 2269 4055 cf.
2306 4003 2478 4054 supra
2530 4003 2572 4040 c.
2599 3987 2649 4040 3.

401 4053 456 4121 2)
507 4055 833 4110 Wemkerus
867 4056 1154 4122 episcopus
1190 4056 1546 4111 1001—1029.
1710 4056 1763 4121 3)
1803 4057 2069 4111 Konrado
2098 4055 2306 4112 ottonis
2332 4056 2651 4112 Cariathiae

402 4125 560 4178 ducis
593 4124 684 4187 (de
717 4139 822 4194 quo
856 4140 905 4177 v.
938 4123 1092 4189 infra
1127 4139 1171 4178 c.
1199 4125 1291 4188 24)
1315 4124 1453 4192 filie,
1489 4126 1587 4192 qui
1620 4125 1954 4180 Herimmmi
1975 4124 2157 4192 filiam
2183 4125 2557 4180 Mahthildam
2592 4124 2651 4177 in

401 4191 806 4260 matrimonium
849 4193 1082 4246 duxerat
1123 4199 1174 4248 et
1209 4200 1402 4260 postea
1443 4195 1561 4262 ipse
1605 4195 1719 4248 dua·
1762 4193 2080 4248 carinthiae
2112 4192 2235 4260 fuit
2278 4193 2649 4254 1004—10123

403 4261 474 4326 cf.
514 4262 652 4328 VII,
688 4263 783 4324 22,
833 4261 1073 4316 ‘Jahn-b!
1109 4262 1163 4327 I,
1199 4262 1302 4316 217
1336 4269 1386 4318 et
1419 4263 1538 4317 246.
1699 4263 1754 4326 4)
1804 4263 2139 4318 Reichenau.
2301 4262 2359 4330 5)
2407 4260 2568 4317 Petri
2602 4267 2653 4315 et

401 4329 586 4384 Pauli.
737 4331 792 4394 6)
837 4330 1172 4384 Lantbertus
1207 4332 1490 4399 episcopus
1526 4330 1947 4387 Constantiensis
1981 4331 2307 4386 995—1018.
2446 4331 2499 4396 7)
2546 4328 2656 4393 Qui

402 4399 542 4452 sedit
572 4398 926 4453 loos—1026.
1063 4398 1118 4464 8)
1153 4400 1193 4453 I
1192 4437 1204 4450 .
1233 4415 1273 4454 e.
1299 4407 1522 4470 propter
1548 4400 1782 4456 civitatis
1807 4415 1941 4455 suae
1968 4399 2313 4456 vicinitatem.
2358 4402 2427 4453 L.

2682 1822 2703 1847 ²·
2723 1824 2808 1874 soz.
2826 1822 2908 1864 δῖ’.

2680 3450 2703 3475 *
2718 3453 2804 3502 sol.
2825 3455 2894 3496 88.
