3100 5050
382 346 482 401 116
1009 343 1416 398 THIETMARI
1451 340 1713 407 CHRON.
1784 342 1923 398 LIB.
1959 342 2023 397 V.

193 510 345 565 1002.
382 498 708 575 Misnensi,
729 497 1116 563 Bernhario⁸
1134 496 1458 575 Ferdensi,
1480 496 1749 581 Hugone
1769 496 2093 574 citicensi,
2124 493 2396 560 ducibus
2419 501 2636 561 autem

379 582 796 649 Bernhardob
814 604 892 648 ac
915 583 1236 648 Bolizlavo
1270 604 1417 647 cum
1437 582 1917 647 marchionibus
1932 580 2269 646 Liuthario
2300 587 2365 645 et
2386 581 2635 647 Gerone

377 691 453 735 ac
498 670 788 752 palatino
829 670 1060 735 comite
1102 668 1456 733 Fritherico
1476 668 1498 713 ¹
1549 668 1893 751 *aliisque0
1932 688 2125 751 quam
2165 665 2457 751 pluribus
2500 672 2636 731 tam
2664 657 2899 761 *Jssffla

378 755 695 839 episcopis
725 776 917 839 quam
947 753 1320 833 comitibus,
1340 775 1614 838 quorum
1642 755 1905 819 nomina
1930 754 2185 837 longum
2212 758 2312 817 est
2332 772 2635 818 enarrare

378 862 494 926 per
537 841 807 925 singula.
897 840 1006 905 Hii
1055 861 1275 905 omnes
1310 860 1521 923 regem
1568 840 1845 924 supplici
1880 839 2221 905 devocione
2258 838 2637 922 suscipiunt.

169 944 259 985 1111·
282 945 346 985 24-
553 930 651 995 16.
724 926 1022 992 Crastina
1057 926 1274 1009 itaque
1309 924 1432 1004 die,
1469 925 1538 991 id
1574 931 1673 991 est
1706 933 1934 990 octavo
1974 923 2298 989 Kalendas
2338 924 2635 1007 Augusti,

376 1011 792 1078 Bernhardus
835 1010 1008 1076 dux2
1052 1032 1197 1077 cum
1242 1031 1560 1076 consensu
1603 1012 1887 1077 omnium
1932 1016 2185 1077 astante
2229 1030 2447 1075 coram
2486 1030 2635 1093 rege

375 1099 766 1163 voluntatem
824 1096 1032 1182 plebis
1084 1098 1513 1162 convenientis
1558 1098 1852 1181 aperiens
1905 1096 2315 1178 omniumque
2361 1096 2636 1161 necessi-

375 1191 578 1251 tatem
624 1205 700 1248 ac
743 1184 947 1266 legem
993 1182 1360 1267 specialiter
1403 1203 1755 1267 exponens,
1809 1181 1965 1266 quid
2009 1182 2103 1246 eis
2156 1180 2634 1247 misericordiae

375 1270 565 1335 dictis
590 1270 968 1355 promittere
997 1290 1111 1333 seu
1137 1267 1329 1334 factis
1349 1268 1540 1333 vellet
1564 1268 1953 1352 impendere,
1981 1267 2321 1349 diligenter
2346 1266 2636 1349 inquirit.

546 1355 730 1421 Talia
772 1354 1126 1439 quaerebat
1169 1375 1246 1419 ac
1290 1361 1515 1419 contra
1562 1376 1679 1418 rex
1720 1352 2067 1419 referebat:

69 1458 198 1509 vers·
234 1458 347 1500 Aen·
550 1443 708 1507 ‘Deo
752 1442 1033 1525 primum
1077 1439 1435 1523 deindeque
1482 1440 1663 1506 vobis
1706 1438 1996 1505 omnibus
2034 1437 2384 1521 condignas
2418 1442 2634 1519 grates

127 1511 165 1561 ¹⁹
191 1514 284 1553 ⁶⁰⁰·
377 1528 739 1611 persolvere
785 1546 1190 1610 nequaquam
1237 1524 1504 1591 sufficio.
1595 1525 1780 1592 Unde
1814 1524 2161 1589 voluntatis
2206 1544 2386 1587 meae
2431 1542 2635 1587 secre-

373 1624 512 1679 tum
558 1613 738 1678 vobis
783 1613 1032 1695 aperio,
1093 1611 1268 1695 quod
1313 1633 1390 1675 ex
1435 1612 1760 1678 adiutorio
1806 1608 2154 1675 efficaciter
2197 1606 2379 1672 vobis
2432 1608 2635 1673 omni-

375 1700 497 1765 bus
559 1697 924 1783 impendere
995 1697 1312 1764 desidero,
1427 1698 1664 1763 Notum
1726 1697 1961 1762 etenim
2025 1693 2183 1759 mihi
2244 1699 2367 1771 est,
2440 1714 2635 1775 quam

374 1784 652 1850 fideliter
687 1784 916 1849 vestris
961 1782 1219 1867 regibus
1265 1804 1516 1865 semper
1561 1782 1798 1867 ubique
1842 1780 2322 1847 obaudientiam
2367 1788 2433 1843 et
2468 1780 2635 1845 sola-

374 1871 538 1936 tium
588 1870 918 1955 prestare‘1
961 1870 1354 1935 studueritis.
1461 1869 1547 1934 Et
1598 1868 1743 1934 ideo
1796 1888 1903 1933 vos
1954 1868 2157 1950 magis
2208 1866 2276 1929 in
2337 1864 2633 1942 omnibus

374 1958 611 2041 optime
655 1955 992 2035 honorare,
1037 1955 1302 2038 diligere
1346 1963 1412 2020 et
1455 1954 1540 2019 ad
1584 1954 1764 2037 regni
1806 1960 2177 2035 provectum
2217 1956 2635 2034 nostramque

375 2043 648 2107 salutem
695 2040 850 2105 libet
893 2062 1287 2108 conservare.
1377 2040 1466 2104 Et
1509 2046 1581 2105 ut
1626 2041 1785 2105 certi
1825 2039 1905 2105 de
1939 2038 2066 2104 hiis
2103 2038 2265 2117 sitis,
2311 2036 2631 2120 quomodo

374 2127 553 2193 vobis
580 2129 813 2212 placet,
855 2127 1028 2191 salvo
1055 2126 1295 2192 honore
1322 2125 1505 2207 regni
1531 2124 1804 2204 affirmo,
1842 2126 1995 2208 quia
2022 2146 2148 2189 non
2171 2122 2633 2189 rennuentibus

373 2235 492 2279 nec
529 2212 1116 2279 contradicentibus
1151 2212 1348 2291 vobiS,
1385 2220 1483 2276 set
1515 2214 1734 2296 potius
1770 2212 1960 2293 quasi
1994 2207 2533 2295 applaudentibus
2570 2214 2634 2273 et

373 2299 501 2365 huc
543 2321 644 2364 me
688 2298 1106 2365 invitantibus
1162 2298 1286 2363 hac
1338 2296 1542 2379 regali
1588 2296 1900 2380 dignitate
1944 2296 2297 2361 honoratus
2332 2315 2632 2379 appareo.

374 2386 607 2469 Legem
636 2386 832 2469 igitur
860 2392 1132 2450 vestram
1165 2404 1293 2448 non
1322 2383 1388 2447 in
1417 2383 1635 2466 aliquo
1663 2402 2091 2465 corrumpere,
2121 2387 2219 2445 set
2248 2380 2378 2444 vita
2406 2380 2633 2445 comite

374 2471 543 2536 malo
593 2471 940 2538 clementer
991 2472 1057 2537 in
1102 2468 1399 2536 omnibus
1457 2468 1811 2554 adimplere
1859 2475 1925 2533 et
1966 2471 2219 2533 vestrae
2263 2464 2638 2532 rationabili

372 2559 709 2636 voluntati,
757 2559 824 2622 in
868 2562 1179 2640 quantum
1224 2545 1424 2636 vale0,
1471 2555 1710 2638 ubique
1755 2555 2041 2620 animum
2086 2551 2431 2619 adhibere.’

549 2675 648 2737 17.
722 2668 963 2733 Taliter
1008 2667 1244 2734 effatur
1286 2688 1418 2744 reX,
1467 2673 1532 2732 et
1574 2687 1696 2731 vox
1743 2687 1871 2730 una
1914 2664 2166 2730 levatur

621 2755 923 2820 Protinus
967 2754 1242 2819 astantis
1286 2752 1492 2838 plebis
1537 2752 1673 2835 regi
1720 2750 2053 2816 iubilantis

621 2840 877 2906 Laudes
923 2848 987 2905 et
1031 2847 1246 2923 grates
1293 2859 1485 2922 super
1527 2839 1647 2902 has
1692 2843 1909 2902 tantas
1954 2838 2244 2921 pietates,

370 2951 787 3019 Bernhardus
842 2952 1036 3034 igitur
1086 2951 1218 3016 dux
1273 2956 1539 3034 accepta
1592 2949 1658 3012 in
1714 2947 2011 3012 manibus
2054 2967 2242 3012 sacra
2284 2945 2508 3012 lancea
2557 2966 2635 3010 ex

370 3047 555 3124 parte
601 3039 888 3104 omnium
931 3039 1113 3121 regni
1157 3056 1381 3100 curam
1425 3035 1521 3100 illi
1566 3034 1843 3100 fideliter
1885 3033 2247 3100 committit.

621 3150 869 3214 Rursus
913 3148 1228 3213 tolluntur
1271 3167 1458 3211 voces
1501 3146 1853 3228 laudesque
1900 3149 2220 3210 canuntur

621 3234 937 3317 Undique,
985 3233 1258 3313 Christe,
1304 3232 1490 3298 bonis
1536 3231 1663 3296 hiis
1706 3252 1823 3315 pro
1866 3231 2066 3296 tantis
2110 3228 2231 3295 tibi
2274 3227 2488 3306 donis;

623 3321 897 3403 Insuper
943 3326 1007 3385 et
1049 3317 1239 3385 fletus
1285 3317 1567 3383 fundunt
1610 3317 1721 3402 pia
1763 3322 2026 3401 pectora
2067 3315 2248 3381 letos.

625 3407 858 3471 Inclita
900 3406 1104 3471 letare
1151 3404 1504 3487 Mersburg,
1549 3402 1677 3467 hiis
1723 3402 2187 3485 congratulare,

405 3505 440 3560 5
623 3494 724 3558 Da
768 3491 1040 3556 iubilum
1086 3491 1336 3556 Christo
1383 3488 1771 3572 condignum
1816 3487 1949 3554 sole
1994 3487 2114 3552 sub
2159 3488 2304 3554 isto.

371 3606 574 3670 Istum
637 3605 901 3687 inquam
963 3602 1186 3682 solem,
1251 3602 1316 3667 id
1376 3607 1476 3667 est
1525 3600 1723 3680 diem,
1777 3598 2228 3664 venerabiliter
2278 3597 2443 3676 cole,
2508 3616 2632 3678 quo

370 3691 611 3756 electus
658 3702 757 3754 est
799 3691 867 3754 in
909 3695 994 3768 te,
1041 3691 1154 3772 qui
1198 3694 1262 3752 te
1307 3686 1714 3772 repudiatam
1760 3691 1909 3769 post
1949 3685 2108 3750 haec
2151 3705 2399 3769 semper
2433 3681 2633 3748 medi-

371 3782 548 3842 tatus
603 3781 701 3841 est
743 3774 1091 3860 provehere
1137 3779 1203 3840 et
1247 3773 1332 3840 ad
1374 3773 1657 3858 priorem
1715 3777 1957 3836 statum
2009 3770 2334 3838 reducere.
2432 3768 2634 3834 Bene-

370 3862 581 3928 dictus
647 3863 732 3926 sit
785 3863 987 3941 Deus,
1051 3861 1163 3942 qui
1225 3881 1292 3926 se
1353 3858 1749 3924 honorantes
1808 3863 1873 3922 et
1925 3877 2002 3922 ex
2054 3855 2245 3922 corde
2298 3854 2633 3938 diligentes

370 3949 617 4014 exaltat
659 3947 742 4012 ad
788 3948 1117 4013 horrorem
1163 3953 1228 4012 et
1273 3943 1552 4011 dedecus
1599 3964 1667 4008 se
1702 3942 2159 4009 execrantium.
2251 3941 2428 4006 Finis
2462 3941 2636 4006 venit

365 4085 412 4136 ι)
447 4098 476 4125 ιι
505 4087 608 4126 add.
631 4087 682 4126 Τ.
803 4083 852 4137 b)
885 4085 1100 4125 berhardo
1117 4083 1156 4124 A
1167 4098 1186 4133 ,-
1209 4082 1456 4124 berhnardo
1483 4083 1529 4122 V.
1664 4081 1709 4132 c)
1736 4081 1979 4130 fasciculus
2003 4079 2151 4120 tertius
2175 4079 2371 4130 decimus,
2399 4089 2519 4128 qm
2543 4079 2635 4118 eim

366 4139 496 4178 dubio
522 4139 632 4178 idem
657 4138 697 4178 A
721 4141 980 4187 mmet-at,
1005 4139 1115 4176 totus
1133 4137 1296 4185 periit5
1321 4147 1428 4186 quac
1452 4133 1621 4186 duum,
1652 4145 1703 4174 σω
1728 4133 1819 4173 cod.
1840 4134 1867 4172 2
1895 4131 2196 4182 supplevimus.
2300 4130 2346 4180 d)
2374 4129 2503 4180 &are
2528 4131 2571 4169 2.

375 4242 424 4309 1)
475 4243 584 4306 Qui
615 4243 676 4297 in
712 4258 772 4296 eo
815 4257 1036 4296 munere
1073 4240 1362 4295 Thiedrico
1406 4257 1458 4295 a.
1485 4239 1588 4294 995
1622 4242 1835 4292 mortuo
1878 4235 1953 4299 (v.
1979 4236 2085 4300 IV,
2120 4235 2213 4298 20)
2256 4235 2469 4288 videtur
2512 4249 2633 4288 suc·

367 4313 612 4376 cessisse,
650 4329 702 4365 a.
735 4311 868 4366 1002
894 4316 1074 4365 autem
1096 4310 1210 4364 iam
1237 4316 1485 4366 mortuus
1512 4322 1659 4374 esse3
1696 4303 1767 4374 cf.
1794 4304 1975 4358 ‘Neue
2002 4302 2278 4358 Mitthezz’
2308 4303 2497 4358 XVII
2526 4303 2561 4356 l.
2588 4319 2634 4358 c.

369 4383 421 4444 2)
463 4379 618 4444 Gonf.
655 4379 726 4434 ‘J
725 4379 898 4434 amb?
933 4380 987 4446 I,
1023 4379 1124 4433 222
1153 4394 1233 4448 sq.
