3100 5050
189 584 370 700 329⁴..

400 420 502 475 142
1014 416 1422 471 THIETMARI
1455 416 1717 473 CHRON.
1786 418 1927 473 LIB.
1962 419 2056 474 VI.

397 590 541 634 rum
584 568 1162 652 transgressionem
1204 575 1649 652 preceptorum
1682 569 1966 649 indulsit,
2010 569 2298 634 Heinrici
2333 568 2661 653 quondam

398 653 818 732 marchionis,
878 674 1049 718 nunc
1103 660 1318 718 autem
1332 704 1348 732 ,
1411 661 1486 719 ut
1537 673 1757 738 sper0,
1808 676 1957 719 vere
2006 654 2383 738 penitentis,
2448 654 2663 719 senior

395 738 759 817 karissime,
801 738 1188 817 miserearis,
1234 740 1490 803 vincula
1533 740 1745 803 solvas
1788 748 1855 804 et
1898 740 2173 822 gratiam
2209 739 2431 818 dones,
2475 746 2550 804 ut
2583 759 2661 804 eo

395 823 688 891 liberiori
729 824 946 889 animo
1004 822 1199 887 hodie
1243 823 1454 888 Deum
1506 824 1906 907 interpelles:
1969 824 2245 889 ‘dimitte
2286 825 2475 889 nobis
2519 824 2662 889 *de-

395 910 536 976 bita
595 908 841 973 nostra’
911 914 979 973 et
1046 907 1337 991 reliqua?
1383 982 1388 987 ,
1451 908 1595 973 Hac
1662 929 1780 973 rex
1848 909 2291 974 exhortatione
2363 909 2662 974 lacrima-

396 994 616 1061 biliter
668 993 938 1075 profusa
991 993 1288 1078 placatus
1345 993 1440 1059 sic
1504 1013 1575 1057 se
1632 991 1955 1059 facturum
2021 993 2293 1060 firmiter
2354 1014 2659 1077 spospon-

398 1078 532 1145 dit⁸
575 1084 643 1143 et
682 1085 831 1161 post
873 1080 1030 1143 haec
1075 1078 1336 1143 domum
1385 1079 1647 1143 veniens
1698 1078 2209 1144 misericorditer
2262 1078 2658 1163 adimplevit.

571 1164 672 1229 14.
743 1162 906 1247 (11.)
1016 1162 1292 1228 Statutis
1370 1168 1525 1227 tunc
1607 1162 1889 1229 ibidemb
1968 1164 2267 1229 omnibus
2336 1164 2660 1229 Bawarios

397 1248 656 1314 domum
723 1248 992 1313 remisit.
1109 1248 1256 1330 Ipse
1330 1245 1528 1333 [vero]
1603 1268 1746 1313 cum
1806 1249 2211 1314 Boemiorum
2274 1249 2436 1314 duce
2496 1268 2657 1313 novo

397 1333 752 1417 Milzienos,
807 1333 920 1416 qui
971 1337 1112 1395 tum
1166 1331 1292 1397 sibi
1335 1332 1517 1397 fuere
1561 1334 1860 1415 proximi,
1912 1335 2225 1399 terminos
2276 1356 2394 1417 per
2434 1333 2661 1398 ineffa-

397 1417 591 1482 bilem
633 1418 889 1481 itineris
933 1414 1380 1482 difficultatem
1427 1417 1652 1483 adiens
1697 1418 1986 1483 Budusin
2030 1419 2257 1485 urbem
2278 1419 2301 1463 ¹
2347 1417 2658 1502 possedit.

400 1501 526 1568 Sed
579 1522 723 1567 cum
776 1502 845 1565 in
897 1522 1028 1565 una
1080 1502 1335 1566 dierum
1385 1524 1903 1587 unumquemque
1958 1505 2194 1569 suimet
2243 1503 2529 1569 fidelium
2574 1502 2660 1567 ad

396 1585 888 1671 expugnandam
949 1586 1218 1651 eandem
1275 1587 1611 1667 incitaret,
1674 1588 1759 1653 ab
1812 1608 1943 1653 uno
1998 1586 2509 1676 sagittario[rum
2564 1586 2661 1675 e]⁰

394 1670 922 1757 propugnaculis,
996 1672 1064 1734 ni
1125 1670 1344 1737 divina
1402 1671 1841 1738 custodiretur
1907 1675 2335 1757 providentia,
2398 1674 2659 1738 vulnere

393 1758 719 1839 inproviso
762 1755 1104 1823 lederetur.
1192 1757 1378 1835 Quod
1425 1758 1542 1838 illi,
1590 1759 1701 1841 qui
1736 1779 1921 1823 secus
1956 1780 2025 1823 se
2060 1759 2276 1824 stabat
2305 1759 2659 1844 proximus,

394 1842 621 1906 nocuit
681 1846 748 1906 et
803 1843 1208 1924 propositum
1269 1842 1517 1908 inimici
1578 1844 1647 1907 in
1708 1843 1837 1909 alio
1887 1846 2149 1928 peregit.
2254 1845 2391 1909 Rex
2442 1849 2659 1908 autem

397 1927 643 1992 elevato
705 1925 790 1991 ad
846 1926 1048 1989 Deum
1117 1927 1312 1991 corde
1363 1928 1643 2011 supplici
1700 1928 1871 1994 hunc
1924 1928 2173 2007 laudat,
2237 1929 2349 2012 qui
2402 1928 2660 1993 solitam

395 2012 659 2094 pietatis
701 2010 1101 2093 vigilantiam
1154 2011 1279 2076 sibi
1330 2012 1631 2077 inmerito
1675 2014 2001 2079 revelavit.
2100 2013 2272 2079 Urbs
2315 2034 2463 2078 vero
2515 2033 2660 2095 pre-

396 2096 538 2163 fata
587 2097 736 2180 igne
787 2095 919 2160 iam
969 2095 1316 2179 adportato
1369 2097 1707 2163 combusta
1766 2100 2034 2179 iaceret,
2105 2100 2174 2163 ni
2233 2098 2356 2163 hoc
2410 2098 2661 2163 Gunce-

393 2181 512 2247 lini
554 2180 944 2246 marchionis
985 2182 1188 2245 iussio
1229 2181 1520 2248 infausta
1572 2182 1966 2267 prohiberet.

572 2269 671 2333 15.
744 2267 1186 2332 Vulnerantur
1242 2268 1514 2333 invicem
1591 2268 1781 2334 multi
1856 2275 1926 2334 et
1994 2269 2285 2333 nonnulli
2343 2266 2661 2352 perempti

399 2358 570 2419 sunt.
686 2352 784 2415 Ex
843 2352 1084 2417 nostris
1147 2357 1365 2416 autem
1427 2374 1594 2418 unus
1654 2354 1893 2419 nobilis
1954 2360 2022 2419 et
2080 2374 2312 2438 genere
2373 2358 2440 2417 et
2488 2352 2663 2416 virili

399 2437 910 2515 conversatione,
967 2436 1255 2501 Hemuza
1308 2438 1595 2518 nomine,
1650 2459 1796 2504 cum
1848 2439 2133 2504 urbanos
2186 2438 2411 2503 crebro
2456 2442 2662 2501 certa-

397 2523 569 2588 mine
611 2529 986 2607 provocatos
1029 2543 1191 2606 pene
1236 2543 1440 2606 usque
1485 2523 1571 2589 ad
1619 2545 1839 2592 muros
1882 2525 2349 2609 insequeretur,
2393 2522 2660 2587 molaris

397 2607 665 2673 dimidio
717 2607 955 2691 lapidis
1000 2606 1147 2691 *per
1196 2608 1520 2691 galeatum
1574 2617 1773 2693 caput
1824 2616 2189 2692 prostratus
2240 2609 2323 2675 ab
2378 2607 2659 2672 inimicis

350 2693 860 2781 ‘insultantibus
922 2693 990 2757 in
1051 2693 1278 2759 urbem
1341 2701 1637 2760 mortuus
1699 2695 1998 2760 trahitur.
2113 2694 2323 2759 Huius
2384 2693 2659 2758 cadaver

149 2965 268 3018 (Oct.
285 2965 369 3018 25).

406 2778 748 2844 Heinricus
805 2798 1046 2857 comes,
1105 2779 1312 2842 frater
1367 2800 1573 2856 meus,
1631 2781 1817 2844 cuius
1868 2781 1931 2844 is
1986 2779 2171 2844 miles
2226 2779 2379 2858 fuit,
2442 2779 2659 2860 precio

397 2870 840 2948 comparatum
895 2863 980 2928 ad
1028 2864 1311 2947 patriam
1365 2864 1639 2930 reduxit.
1736 2865 1916 2930 Alter
1958 2885 2137 2943 vero,
2240 2866 2309 2930 ni
2361 2863 2445 2928 ob
2498 2864 2659 2929 assi-

398 2948 643 3014 duumd
684 2948 1044 3014 venationis
1096 2949 1483 3013 exercicium
1535 2948 1889 3014 indomitus
1932 2949 2199 3014 Tommo
2287 2948 2659 3028 vocabatur,

401 3033 556 3099 dum
599 3035 668 3098 in
713 3033 973 3117 Sprewa
1016 3033 1279 3098 flumine
1324 3032 1621 3100 hostibus
1664 3034 1922 3100 fortiter
1970 3035 2242 3113 resistit,
2298 3040 2659 3100 torrentum

396 3118 824 3184 lubricatione
867 3118 1154 3200 lapidum
1209 3120 1456 3183 corruit
1507 3121 1876 3204 optimaque
1931 3118 2043 3184 diu
2085 3125 2419 3203 protectus
2460 3119 2660 3183 lorica

395 3203 585 3268 tardo
635 3200 952 3288 [tandem]
997 3204 1280 3283 vulnere,
1321 3225 1440 3286 pro
1484 3203 1702 3269 dolor!
1751 3205 2047 3288 oppeciit.
2138 3205 2326 3269 Hunc
2370 3223 2535 3268 unus
2580 3224 2661 3266 ex

401 3289 535 3353 suis
605 3287 1037 3352 satellitibus0
1053 3337 1067 3364 ,
1141 3309 1222 3352 ne
1291 3288 1509 3372 aliquo
1580 3288 2004 3354 deduceretur
2020 3339 2035 3368 ,
2108 3310 2252 3354 cum
2320 3287 2657 3372 prohibere

395 3378 768 3456 temptaret,
833 3372 1100 3454 cuspide
1150 3373 1483 3454 perfossus
1545 3395 1741 3457 super
1789 3394 1937 3439 eum
1990 3375 2253 3441 corruit.
2359 3372 2659 3438 Predicta

395 3457 552 3522 belli
621 3457 1001 3540 asperitatef
1065 3458 1196 3522 iam
1263 3479 1427 3542 pene
1497 3457 1775 3540 devicta,
1844 3459 2109 3524 iubente
2177 3480 2293 3541 per
2358 3459 2656 3522 nuntium

397 3543 633 3608 suimet
687 3543 1038 3622 Bolizlavo,
1099 3543 1313 3625 regiae
1374 3545 1683 3625 potestati
1742 3544 1895 3609 urbs
1957 3544 2153 3609 salvis
2212 3542 2657 3608 defensoribus

395 3626 676 3692 traditur
700 3626 1114 3710 presidioque
1141 3648 1306 3693 novo
1331 3629 1640 3697 munitur.
1692 3629 1849 3694 Post
1874 3629 2036 3695 haec
2060 3650 2181 3695 rex
2198 3650 2342 3694 cum
2372 3628 2658 3693 exercitu

397 3713 628 3778 itinere
672 3733 749 3777 ac
793 3711 1013 3777 inedia
1063 3714 1191 3777 iam
1236 3712 1595 3796 defatigato
1660 3713 1919 3779 domum
1962 3715 2183 3792 rediit,
2236 3713 2657 3792 marchiones,

397 3796 786 3880 ubicumque
829 3817 991 3880 opus
1035 3797 1186 3877 fuit,
1233 3799 1442 3863 solitis
1486 3797 1802 3864 adiuvans
1846 3798 2274 3872 amminiculis
2287 3797 2339 3864 4.

396 3933 440 3984 a)
466 3937 642 3974 aun-um
667 3945 690 3973 s
717 3944 884 3974 aarum
909 3936 950 3973 1.
1065 3931 1115 3984 b)
1139 3933 1382 3983 Dispositis
1410 3933 1459 3972 in
1485 3933 1633 3983 Pras·
1656 3935 1699 3984 2,
1724 3933 1777 3974 Δ.
1797 3935 1845 3974 S.
1962 3933 2004 3986 c)
2028 3945 2129 3974 rum
2152 3936 2199 3974 in
2224 3944 2395 3984 rasura,
2421 3943 2447 3974 ο
2472 3934 2520 3974 in
2545 3943 2656 3973 πιαν-

395 3988 490 4037 aine
516 3985 621 4027 add.
643 3986 693 4026 T.
797 3983 844 4036 d)
872 3995 922 4024 as
949 3983 1053 4025 aad.
1075 3987 1125 4024 Τ.
1229 3982 1275 4036 ο)
1300 3985 1334 4024 ti
1359 3983 1464 4024 add.
1491 3986 1542 4024 Τ.
1648 3982 1687 4035 s)
1712 3985 1979 4035 assperitate
2005 3986 2059 4026 A.

397 4072 451 4137 1)
499 4073 772 4126 Bautzen.
928 4068 983 4134 2)
1041 4069 1194 4126 Unde
1227 4070 1589 4138 comperimus
1623 4070 1948 4125 Heinricum
1982 4071 2308 4125 Bohemicae
2342 4068 2658 4136 interfuisse

397 4139 730 4207 expeditioni
737 4157 761 4206 ‚·
796 4153 866 4194 ex
901 4139 1060 4194 cuius
1091 4139 1508 4193 narrationibus
1543 4145 1658 4193 tota
1682 4138 1818 4193 haec
1842 4139 2033 4194 relatio
2058 4139 2272 4192 videtur
2293 4138 2497 4192 hausta
2520 4151 2656 4190 esse.

395 4208 452 4271 3)
489 4207 662 4272 Idem,
704 4213 768 4262 ut
798 4207 1032 4274 videtur,
1074 4207 1174 4275 qui
1206 4207 1592 4275 stammam
1627 4206 1833 4260 dicitur
1854 4206 1917 4262 in
1942 4207 2087 4261 Arm.
2127 4205 2409 4269 Quedlinb.
2437 4221 2491 4258 a.
2518 4203 2654 4258 1003

396 4280 446 4328 et
484 4275 672 4329 Tanko
697 4276 875 4330 laicus
907 4277 968 4328 in
994 4275 1210 4329 Necrol.
1237 4275 1474 4328 Merseb.
1513 4274 1631 4329 Oct.
1660 4275 1744 4328 25.
1794 4273 1867 4327 L.
2002 4270 2058 4337 4)
2093 4275 2133 4326 I
2125 4275 2290 4341 yitur,
2324 4287 2653 4341 quamquam

395 4342 591 4397 bellum
631 4343 873 4397 nondum
914 4349 1036 4397 erat
1077 4341 1398 4408 confectum,
1443 4349 1627 4397 tamen
1669 4357 1773 4396 rex
1812 4342 1915 4396 hos
1954 4341 2091 4407 fines
2132 4348 2196 4396 ut
2228 4341 2323 4396 επις·
2351 4340 2493 4395 imis
2521 4353 2653 4408 pro-

395 4410 608 4466 vincias
642 4411 786 4465 iusto
819 4409 1078 4478 regimini
1107 4409 1330 4465 reddere
1355 4410 1543 4477 potuit
1555 4429 1575 4476 ,-
1628 4425 1679 4463 v.
1729 4410 1790 4473 V,
1828 4408 1911 4464 18.

2689 844 2713 869 *
2730 846 2817 896 soz.
2836 844 2943 886 104⁴.
3062 830 3071 839 ‘

2688 2623 2710 2646 *
2728 2625 2811 2674 soz.
2832 2626 2909 2666 105

2707 2675 2941 2769 ⁹323?ss
