3100 5050
257 550 410 607 loess·

247 728 359 772 Rev.
377 729 418 769 2.

215 1242 333 1283 Rev.
351 1243 416 1283 10.

259 2346 410 2403 1009.

255 2953 358 2994 Iun.
375 2953 416 2994 5.

316 3125 418 3167 Iun.

443 386 544 443 162
1048 382 1452 439 mmmmm
1487 381 1750 438 CHRON.
1820 383 1955 439 LIB.
1992 384 2085 438 VI.

445 543 668 616 morte,
722 556 854 660 prq
881 535 1135 604 dolor⁸l
1187 537 1532 603 subitanea
1574 536 1809 601 lineam
1856 537 2025 601 vitae
2068 535 2260 602 huius
2305 535 2689 604 concludens

443 642 808 705 supremam
851 671 868 687 .

612 708 717 774 47.
813 707 968 773 Post
1033 709 1319 773 omnium
1387 708 1761 773 memoriam
1834 714 2203 773 sanctorum
2272 728 2388 791 ego
2448 706 2528 772 de
2588 728 2690 773 me

444 792 714 859 multum
774 792 1042 875 pavidus
1100 793 1424 859 licentiam
1496 792 1778 858 abeundi
1836 814 1877 859 a
1937 793 2179 859 decano
2236 792 2555 877 postulavi
2626 800 2693 858 et

445 877 744 954 eundem,
805 884 882 943 ιιι
941 898 1010 944 se
1068 878 1459 963 provideret,
1522 878 1867 943 ammonui.
1966 878 2065 943 Ad
2126 880 2411 944 curtemb
2463 899 2689 957 meam,

487 985 610 1031 use
628 964 1098 1030 Retmerslevo⁰
1122 964 1378 1043 dicitur,
1419 965 1563 1029 veni
1590 971 1655 1029 et
1688 964 1755 1029 in
1782 974 1970 1029 nocte
1998 966 2290 1046 proxima
2314 965 2690 1048 suppliciter

441 986 652 1116 geum
712 1050 956 1133 rogavi,
1027 1056 1100 1115 ut
1159 1050 1250 1115 ali
1296 1070 1444 1115 uam
1504 1050 1585 1116 de
1645 1070 1747 1114 me
1808 1051 2259 1116 certitudinem
2317 1049 2692 1134 dignaretur

443 1137 717 1219 aperire.
814 1135 892 1200 In
941 1136 1148 1219 primo
1200 1157 1276 1201 su
1323 1136 1644 1220 sequentis
1694 1135 1825 1201 diei
1876 1136 2280 1221 crepusculo,
2340 1137 2411 1201 id
2467 1143 2569 1202 est
2622 1136 2689 1201 in

441 1222 662 1306 vigilia
705 1220 912 1287 sancti
957 1220 1236 1300 Martini,
1289 1227 1362 1286 ut
1403 1222 1741 1303 paululum
1783 1222 2205 1304 quiescebam,
2264 1222 2358 1287 sic
2398 1227 2571 1299 tunc,
2617 1228 2691 1287 ut

443 1308 602 1373 mihi
662 1306 1020 1385 videbatur,
1085 1306 1476 1386 Walterdus,
1547 1313 1703 1372 tunc
1772 1314 1993 1372 noster
2061 1308 2452 1392 preposituS,
2531 1308 2693 1373 haec

446 1393 667 1460 dicens
695 1392 1054 1478 *apparuitt
1094 1392 1228 1457 ‘Vis
1252 1392 1374 1457 tibi
1401 1392 1743 1475 profutura
1768 1393 2036 1458 scire‘1P’
2089 1393 2174 1457 Et
2200 1399 2273 1458 ut
2298 1394 2692 1459 voluntatem

443 1500 653 1545 meam
704 1480 770 1543 in
815 1482 936 1543 hoc
979 1478 1204 1557 sensit,
1263 1498 1412 1543 mox
1453 1478 1747 1545 volumen
1798 1480 1989 1543 unius
2031 1479 2505 1563 martyrologii⁰
2548 1478 2691 1544 dili·

445 1570 666 1651 genter
699 1564 1042 1649 inspiciens
1084 1564 1415 1648 plumbum
1424 1566 1460 1643 ‘,
1517 1586 1645 1649 quo
1680 1584 1905 1629 murus
1940 1571 2345 1629 mensuratus
2367 1564 2691 1649 diri-gitur,

444 1650 718 1717 tacendo
773 1650 1044 1728 inmisit,
1112 1657 1176 1715 et
1232 1657 1376 1733 post
1431 1650 1689 1733 longum
1746 1651 2052 1733 temporis
2108 1651 2517 1715 intervallum
2571 1651 2693 1716 hoc

447 1735 755 1803 substitit.
845 1735 950 1799 ‘Et
993 1734 1148 1819 quid
1191 1756 1362 1800 nunc
1405 1734 1561 1800 est?
1617 1736 1722 1800 aio
1768 1735 1853 1801 ad
1896 1755 2069 1815 eum;
2117 1742 2185 1801 et
2227 1734 2363 1803 ille:
2430 1734 2551 1818 ‘V‚’
2595 1738 2694 1802 in-

446 1820 630 1909 quid,
683 1827 748 1886 et
788 1819 921 1885 vidi
963 1819 1304 1886 manifeste
1345 1841 1683 1886 numerum
1725 1821 1897 1886 hunc
1946 1827 2309 1887 atramento
2354 1824 2691 1906 signatum,

445 1909 749 1986 incertus,
808 1912 1018 1970 utrum
1071 1906 1208 1971 dies
1259 1926 1343 1971 an
1389 1905 1777 1971 ebdomadas
1828 1927 1941 1972 seu
1986 1927 2236 1973 menses
2280 1928 2364 1972 an
2411 1910 2693 1990 signaret

447 2011 670 2059 annos,
767 1988 853 2057 Et
892 1992 1191 2076 protinus
1234 1991 1695 2076 respondebam
1742 1992 1827 2072 ei,
1890 1999 2107 2058 utrum
2148 1994 2327 2077 prius
2380 1991 2689 2058 indictum

447 2099 531 2143 an
597 2080 918 2160 posterius
986 2077 1414 2143 innotesceret
1481 2086 1757 2161 tempus3
1828 2084 1893 2143 et
1959 2078 2068 2143 ille
2135 2076 2407 2144 tacendo
2477 2079 2690 2145 exivit.
2720 2082 2743 2106 *
2804 2113 2816 2125 ·

445 2162 761 2247 Equidem
788 2162 1326 2246 *premonstratas
1362 2163 1516 2228 mihi
1552 2162 1847 2229 inducias
1881 2185 2040 2229 cura
2072 2183 2203 2229 non
2238 2166 2374 2229 sine
2409 2165 2693 2230 maxima

448 2249 682 2328 notavi,
735 2249 847 2314 sed
890 2248 1075 2313 bonis
1125 2248 1425 2333 operibus
1478 2249 1883 2314 nullatenus⁸
1934 2252 2237 2333 preveni.'
2302 2248 2693 2316 Adveniente

447 2336 671 2418 quinto
734 2355 978 2413 mense,
1040 2336 1329 2417 quamvis
1387 2335 1537 2417 plus
1599 2340 1864 2400 mortem
1921 2356 2112 2417 quam
2164 2334 2289 2401 hoc
2346 2356 2690 2419 sperarem,

444 2420 805 2503 completur
847 2428 1188 2503 utrumque
1231 2420 1299 2484 in
1342 2425 1607 2505 accepto
1654 2420 2024 2504 episcopatu
2059 2422 2393 2500 somnium,
2439 2422 2592 2505 quia
2624 2422 2693 2486 in

446 2528 522 2574 eo
610 2506 883 2590 receptis
929 2504 1180 2572 obedivi
1225 2505 1458 2572 divinis
1511 2513 1578 2572 et
1618 2527 1952 2572 numerum
1995 2506 2305 2593 complevi
2348 2508 2691 2592 signatum.

445 2530 633 2660 Umfe
701 2593 1147 2658 inconveniens
1217 2614 1355 2658 esse
1425 2592 1585 2657 mihi
1646 2592 2006 2672 videbatur,
2077 2600 2153 2658 ut
2222 2595 2358 2658 sine
2428 2594 2693 2678 speciali

444 2685 693 2745 rectore
749 2677 1088 2756 aecclesia,
1145 2699 1336 2761 quam
1394 2685 1661 2744 actenus
1715 2678 2036 2762 regebam,
2096 2685 2292 2759 esset,
2351 2701 2428 2744 ac
2485 2680 2691 2745 eidem

445 2763 861 2849 willigisum,
915 2763 1183 2828 fratrem
1235 2785 1450 2829 meum
1501 2786 1581 2830 ex
1630 2772 1844 2847 patre,
1903 2763 2094 2830 huius
2144 2764 2370 2830 altaris
2421 2787 2690 2845 servum,

446 2850 768 2916 communi
818 2849 1092 2916 fratrum
1147 2850 1411 2915 consilio
1463 2851 1790 2934 preposui;
1847 2856 1913 2915 et
1964 2850 2112 2915 inde
2156 2851 2240 2917 ad
2284 2851 2693 2936 Mersseburg

441 2937 701 3002 veniens
771 2957 918 3000 cum
978 2934 1234 3000 domino
1307 2935 1566 3002 meimet
1632 2957 1779 3020 rege
1856 2939 2219 3018 proximum
2279 2943 2693 3021 pentecosten

445 3022 778 3089 celebravi.

615 3109 719 3180 48.
764 3104 926 3194 (32.)
996 3105 1242 3170 Dehinc
1283 3104 1368 3170 ad
1415 3105 1883 3190 Magathaburg
1934 3127 2151 3173 omnes
2194 3108 2503 3175 venimus,
2592 3107 2693 3172 Ibi

444 3200 583 3260 tum
610 3214 808 3278 nepos
834 3211 1015 3258 meus
1044 3189 1325 3256 marchio
1340 3191 1769 3258 Wirinharius
1800 3215 1841 3257 a
1864 3213 2012 3276 rege
2030 3194 2095 3258 in
2116 3192 2335 3258 multis
2352 3199 2693 3259 accusatus

447 3280 722 3362 gratiam
775 3278 914 3344 eius
968 3283 1033 3342 et
1084 3275 1462 3343 beneficium
1517 3278 1754 3344 suimet
1800 3279 2109 3362 instinctu
2154 3279 2398 3344 Daedi¹¹
2444 3280 2692 3345 comitis

443 3365 766 3450 perderet,
829 3363 955 3428 nisi
1005 3359 1346 3428 infirmitas
1399 3365 1535 3429 eius
1587 3363 1925 3430 subitanea
1968 3361 2080 3452 [id]
2133 3363 2454 3448 inpediret
2507 3372 2571 3431 et
2624 3365 2691 3430 ni

446 3451 566 3516 hoc
610 3448 1018 3516 Burchardus
1062 3469 1270 3513 comes
1313 3450 1641 3532 palatinus
1686 3450 1709 3474 *
1762 3449 2017 3515 rudenti
2066 3450 2334 3516 consilio
2382 3449 2690 3520 differret.

445 3535 584 3602 Rex
631 3535 807 3601 inde¹
855 3553 1235 3619 progressus
1299 3536 1510 3602 varias
1564 3536 1702 3602 occi
1748 3536 2057 3601 eutalium
2117 3542 2361 3602 mentes
2418 3536 2692 3621 probare

555 3725 612 3792 ²¹⁸)
649 3727 833 3781 Braso
867 3741 977 3779 uno
1011 3741 1185 3791 versu,
1221 3727 1318 3795 qui
1349 3727 1408 3779 in
1445 3726 1691 3794 margine
1724 3727 1946 3782 sinistro
1981 3732 2033 3780 et
2064 3727 2207 3781 mter
2242 3727 2417 3781 lineas
2451 3727 2689 3794 scriptus

651 3801 786 3862 erat,
817 3795 879 3848 in
913 3794 1019 3847 imo
1053 3797 1301 3862 maryine
1336 3795 1462 3849 add.
1499 3794 1591 3848 N:
1636 3793 1704 3848 In
1738 3795 1985 3864 sequenti
2018 3797 2173 3850 nocte
2207 3795 2298 3850 lux
2331 3810 2532 3864 magna
2567 3796 2624 3849 et
2656 3810 2689 3848 a

650 3862 839 3918 multis
872 3861 988 3915 visa
1022 3860 1324 3930 apparuit-¹

446 4026 473 4055 a
509 4015 668 4065 prodor
691 4019 730 4055 1.
857 4014 908 4068 b)
941 4018 1103 4054 cortem
1129 4015 1186 4054 Β.
1315 4013 1356 4065 ο)
1389 4015 1676 4055 retiner-olene
1700 4015 1893 4056 radendo
1916 4019 2024 4068 alqe.
2050 4029 2157 4058 corr.
2178 4019 2217 4059 1.
2347 4015 2394 4066 d)
2427 4025 2477 4056 re
2501 4015 2603 4056 add.
2638 4017 2687 4056 Τ.

446 4015 490 4120 e3
515 4067 784 4117 martorlogu
808 4070 849 4108 1.
952 4066 988 4117 s)
1013 4065 1242 4107 blumbum
1269 4069 1307 4107 1.
1407 4065 1456 4117 g)
1483 4068 1680 4107 nullatus
1706 4071 1755 4134 ι.θ
1850 4067 1899 4120 h)
1924 4078 1953 4108 ι
1978 4079 2143 4109 eranum
2166 4071 2210 4110 ι.
2312 4067 2348 4119 1)
2376 4079 2401 4108 e
2426 4067 2528 4108 add.
2552 4069 2601 4108 Τ.

446 4203 500 4270 1)
555 4205 769 4259 Necrol.
824 4204 1078 4286 Maydeb.
1129 4203 1241 4259 Oct.
1279 4205 1373 4259 30:
1434 4203 1573 4259 obiit
1619 4204 1909 4260 Hillericus
1957 4205 2251 4272 episcopum
2300 4205 2485 4260 eadem
2533 4207 2688 4260 nocte

445 4274 746 4327 revertente
789 4271 1177 4340 archiepiscopo
1211 4271 1416 4341 Tageni
1459 4289 1581 4327 cum
1628 4273 1831 4329 duobus
1874 4273 2202 4341 cappellanis
2228 4273 2359 4346 ,suis
2394 4273 2687 4329 Theodrico

445 4339 764 4396 subdiacono
799 4343 856 4395 et
881 4339 1035 4395 Erico
1069 4340 1364 4408 presbitero
1399 4345 1585 4409 aperto
1620 4342 1764 4398 caelo
1836 4343 1952 4396 uasi
1986 4358 2081 4409 per
2114 4341 2348 4397 hostium
2383 4342 2474 4398 lux
2500 4341 2682 4397 claris-

446 4409 584 4463 sima
618 4407 764 4463 facta
799 4412 881 4464 est
914 4409 1067 4478 quasi
1099 4425 1196 4476 per
1229 4411 1383 4464 unius
1419 4410 1581 4466 horae
1616 4411 1757 4466 curri
1842 4427 1951 4466 um.
2138 4435 2147 4442 ·

2719 1400 2741 1422 *
2760 1403 2845 1451 sol.
2868 1403 2963 1443 119.

2718 3469 2739 3493 ¹⁶
2759 3471 2849 3519 sol.
2873 3475 2981 3516 119‘.
