3100 5050
1021 413 1428 469 ΤΗΙΕΤΜΑΒΙ
1462 410 1723 467 CHRON.
1795 412 2103 466 LIB.1111.
2624 416 2692 468 95
2794 384 2805 397 '

439 568 589 633 dum
639 569 966 651 coniugem
1016 589 1202 632 suum
1247 568 1425 631 vario
1464 566 1842 650 gentilitatis
1882 586 2100 630 errore
2137 565 2517 648 implicitum
2555 587 2694 630 esse

437 656 856 739 perspiceret,
921 654 1146 719 sedula
1207 654 1472 719 revolvit
1534 659 1847 735 angustae
1909 652 2139 716 mentis
2201 651 2691 732 deliberacione,

437 741 716 824 qualiter
761 741 932 804 hunc
975 739 1098 804 sibi
1143 741 1417 804 sociaret
1462 740 1526 803 in
1572 737 1761 815 fide⁸;
1814 736 2196 802 omnimodis
2240 738 2499 822 placare
2542 759 2692 803 con-

438 826 666 903 tendit,
711 848 834 890 non
881 834 1145 910 propter
1186 824 1547 891 triformem
1588 824 1811 889 mundi
1844 822 2035 888 huius
2070 824 2278 888 nocivi
2316 825 2691 908 appetitum,

436 914 589 995 quin
617 914 841 995 pocius
865 919 1130 995 propter
1160 912 1416 976 futurae
1452 909 1805 975 mercedisb
1840 909 2231 974 laudabilem
2267 932 2343 975 ac
2379 912 2694 975 universis

436 997 732 1064 fidelibus
777 1000 967 1062 nimis
1013 997 1503 1062 desiderabilem
1548 996 1873 1081 fructum]

607 1088 710 1153 56.
783 1083 984 1169 [Haec
1029 1091 1252 1168 sponte
1297 1106 1416 1148 sua
1466 1084 1625 1147 fecit
1668 1082 1753 1146 ad
1796 1088 2049 1166 tempus
2094 1082 2289 1160 male,
2345 1088 2419 1146 ut
2466 1089 2695 1166 postea

434 1169 549 1234 diu
594 1172 851 1255 operari
895 1168 1200 1235 valuisset
1244 1170 1422 1236 bene.
1512 1170 1803 1251 Namque
1846 1169 1913 1232 in
1958 1167 2473 1250 quadragesima,
2529 1189 2695 1250 quae

437 1254 1000 1344 [con]iuncionem⁰
1059 1256 1414 1340 predictam
1477 1256 1773 1338 proxima
1836 1253 2251 1337 sequebatur,
2316 1276 2461 1319 cum
2523 1276 2565 1319 a
2624 1276 2693 1319 se

437 1342 832 1407 abstinentia
886 1344 1098 1407 carnis
1153 1349 1214 1406 et
1266 1342 1625 1407 affliccione
1686 1342 1971 1423 corporis
2034 1341 2135 1404 sui
2194 1340 2693 1405 decimacionem

440 1429 571 1493 Deo
633 1436 961 1512 acceptam
1019 1427 1248 1493 offerre
1311 1434 1681 1506 conaretur,
1744 1425 1916 1490 dulci
1976 1426 2399 1510 promissione
2462 1448 2503 1491 a
2558 1428 2693 1490 viro

436 1516 675 1579 suimet
716 1516 1115 1598 propositum
1159 1514 1457 1597 frangere
1500 1520 1783 1595 rogatur.
1882 1512 2004 1576 Illa
2047 1520 2261 1577 autem
2308 1533 2386 1577 ea
2438 1514 2695 1577 racione

437 1604 786 1679 consensit,
847 1607 922 1665 ut
964 1600 1096 1666 alia
1141 1601 1278 1665 vice
1321 1601 1405 1665 ab
1449 1600 1672 1663 eodem
1718 1598 2014 1663 exaudiri
2056 1598 2313 1663 facilius
2359 1600 2691 1682 potuisset.

439 1686 710 1763 Quidam
771 1687 1022 1766 dicunt,
1091 1707 1232 1750 eam
1291 1687 1356 1750 in
1415 1708 1545 1750 una
1603 1706 1861 1750 carnem
1926 1684 2351 1751 manducasse
2416 1684 2694 1768 quadra-

441 1774 702 1854 gesima,
749 1773 862 1837 alii
906 1793 1054 1838 vero
1098 1780 1249 1840 tres,
1339 1772 1631 1837 Audisti‘1
1684 1792 1869 1850 nunc,
1916 1770 2134 1847 lector,
2180 1770 2479 1835 delictum
2528 1772 2693 1855 eius3

173 1879 199 1901 *
220 1860 624 1927 s01.·10‘.modo
689 1860 1060 1924 *considera
1119 1859 1400 1923 fructum
1463 1858 1810 1939 eligantem
1871 1858 2017 1940 piae
2078 1858 2429 1923 voluntatis
2497 1858 2692 1924 iuius.

438 1944 786 2010 Laboravit
855 1946 1023 2008 enim
1082 1965 1198 2028 pro
1259 1946 1673 2009 conversione
1739 1944 2029 2026 coniugis
2096 1944 2198 2007 sui
2255 1964 2331 2008 ac
2388 1944 2695 2009 exaudita

437 2037 535 2096 est
577 2052 618 2095 a
663 2030 1059 2111 benignitate
1105 2029 1471 2094 Conditoris
1518 2031 1637 2107 sui,
1697 2031 1879 2093 cuius
1923 2028 2177 2093 infinita
2220 2028 2509 2094 bonitate
2550 2051 2693 2113 per-

435 2124 689 2181 secutor
735 2118 968 2180 suimet
1014 2116 1338 2181 studiosus
1375 2117 1664 2200 resipuit,
1710 2116 1863 2179 dum
1899 2115 2123 2179 crebro
2160 2114 2437 2179 dilectae
2473 2119 2694 2181 uxoris

436 2208 650 2266 ortatu
720 2202 979 2266 innatae
1048 2200 1453 2267 infidelitatis
1535 2203 1821 2267 toxicum
1893 2202 2173 2267 evomuit
2248 2207 2314 2264 et
2374 2203 2439 2265 in
2512 2223 2694 2268 sacro

199 2308 220 2331 *
246 2286 862 2370 p.·1sa.*baptismate
907 2308 1130 2353 nevam
1176 2289 1551 2371 originalem
1598 2288 1931 2352 detersit.1
2028 2288 2113 2351 Et
2156 2288 2453 2368 protinus
2500 2297 2695 2371 caput
2732 2301 2888 2367 (967).

436 2395 618 2437 suum
670 2381 734 2439 et
777 2376 1091 2439 seniorem
1136 2375 1438 2440 dilectum
1481 2374 1771 2439 membra
1820 2373 2041 2457 populi
2092 2373 2403 2438 hactenus
2456 2374 2694 2439 debilia

435 2460 951 2545 subsequunture
1043 2469 1108 2525 et
1184 2462 1471 2546 nupciali
1549 2465 1723 2524 veste
1775 2466 2053 2544 ‚recepta
2152 2461 2321 2525 inter
2405 2467 2693 2525 caeteros

434 2547 675 2613 Christi
756 2549 1130 2632 adoptivosf
1207 2554 1644 2612 numerantur.
1788 2545 2057 2626 Iordan,
2136 2548 2385 2630 primus
2464 2567 2688 2612 eorum

435 2636 704 2700 antistes
719 2632 766 2713 ²,
837 2635 1111 2700 multum
1167 2656 1313 2699 cum
1369 2635 1464 2698 eis
1518 2633 1800 2711 sudavit,
1864 2632 2018 2697 dum
2075 2653 2182 2698 eos
2235 2633 2319 2698 ad
2378 2654 2692 2716 supernae

433 2721 677 2785 cultum
721 2722 943 2786 vineae
987 2721 1248 2786 sedulus
1294 2719 1488 2786 verbo
1543 2727 1608 2784 et
1662 2739 1855 2802 opere
1907 2718 2216 2784 invitavit.
2315 2719 2494 2784 Tunc
2546 2741 2692 2784 con-

435 2807 844 2888 gratulantur
913 2807 1233 2890 legitimess
1302 2807 1657 2889 coniugati,
1727 2805 2055 2889 predictus
2124 2826 2263 2869 mas
2335 2813 2401 2870 et
2459 2806 2692 2871 nobilis

433 2892 698 2973 femina,
758 2893 1016 2977 illisque
1070 2893 1330 2957 subdita
1383 2894 1588 2957 omnis
1632 2891 1882 2956 familia
1924 2891 2161 2976 gaudet
2204 2913 2273 2956 se
2317 2893 2383 2955 in
2428 2891 2689 2956 Christo

435 2978 746 3045 nubsisse.
847 2980 1007 3044 Post
1061 2978 1223 3043 haec
1276 2981 1526 3063 peperit
1581 2977 1749 3043 bona
1806 2986 2014 3044 mater
2067 2976 2269 3041 filium
2329 2977 2514 3062 longe
2566 2977 2690 3043 sibi

436 3063 814 3146 degenerem
860 3074 926 3130 et
969 3065 1318 3130 multarum
1363 3064 1712 3150 perniciem
1756 3065 2167 3148 genitricum,
2220 3085 2411 3148 quem
2464 3064 2691 3129 fratris

435 3151 536 3214 sui
579 3152 831 3216 nomine
859 3151 1209 3217 Bolizlavih
1252 3150 1620 3235 appellavit,
1666 3149 1835 3214 hunc
1878 3151 2161 3233 inquam,
2207 3153 2319 3235 qui
2361 3151 2430 3214 in
2469 3149 2691 3215 eadem

432 3237 641 3320 primo
687 3237 990 3304 latentem
1037 3236 1359 3302 maliciam
1403 3238 1662 3319 aperuit
1706 3235 2064 3320 deindeque
2110 3237 2176 3301 in
2219 3238 2468 3302 viscera
2511 3238 2689 3318 sevit,

435 3327 508 3386 ut
550 3323 617 3386 in
661 3323 1076 3407 sequentibus
1119 3345 1160 3388 a
1205 3344 1306 3388 me
1351 3322 1762 3388 manifestum
1808 3321 1929 3407 fit.]

603 3411 707 3476 57.
765 3410 930 3496 (36.)
1011 3409 1164 3494 [Sed
1218 3429 1363 3473 cum
1415 3415 1625 3474 mater
1668 3408 1952 3473 eiusdem
1996 3406 2271 3488 obiret3,
2322 3413 2507 3492 pater
2552 3409 2691 3473 eius

432 3516 628 3561 unam
685 3495 1240 3561 sanctimonialem
1301 3495 1380 3560 de
1437 3496 1856 3574 monasterie,
1916 3494 2088 3579 quod
2142 3493 2341 3560 Calva
2391 3493 2688 3574 dicitur4,

432 3580 758 3646 Thiedrici
827 3581 1218 3646 marchionis
1287 3580 1482 3646 filiam
1504 3632 1518 3659 ,
1598 3581 1842 3664 absque
1921 3582 2231 3645 canonica
2298 3583 2689 3646 auctoritate

431 3666 634 3735 duxit.
746 3667 888 3733 Oda
943 3668 1071 3732 fuit
1125 3689 1354 3733 nomen
1421 3669 1588 3749 eiuS,
1657 3673 1722 3732 et
1786 3687 2023 3750 magna
2089 3673 2232 3733 erat
2294 3667 2689 3751 presumptio

432 3754 627 3822 illius.
699 3753 1036 3837 Spreverat
1069 3756 1236 3818 enim
1275 3775 1580 3837 sponsum
1615 3753 1971 3833 coelestem,
2007 3773 2365 3837 preponens
2399 3754 2458 3818 ei
2483 3754 2685 3818 virum

192 3839 840 3920 *sol-⁷1·*militarem,
908 3839 1078 3923 quod
1145 3841 1392 3904 cunctis
1459 3839 1813 3904 aecclesiae
1879 3840 2233 3904 rectoribus
2292 3846 2357 3903 et
2412 3839 2687 3904 maxime

433 3926 711 4016 antistiti
754 3926 990 3992 suimet
1029 3926 1378 3991 venerabili
1416 3925 1789 3991 Hilliwardo
1834 3923 2181 4008 displicuit.
2270 3924 2394 3990 Sed
2428 3930 2690 4008 propter

434 4083 480 4128 a)
509 4085 554 4121 et
578 4082 682 4122 add.
713 4083 758 4121 V.
837 4081 885 4132 b)
911 4092 936 4121 c
962 4081 1069 4122 add.
1093 4081 1142 4121 T.
1235 4081 1276 4131 c)
1307 4081 1656 4121 coniunctionem
1684 4083 1729 4122 V.
1816 4080 1860 4131 d)
1886 4079 2087 4120 Audistis
2113 4081 2170 4120 D.
2259 4080 2301 4132 e)
2326 4079 2621 4129 subsequutur-
2647 4083 2683 4119 1.

435 4133 472 4184 f)
499 4134 757 4183 adoptiuum
784 4133 838 4175 D.
944 4134 994 4184 g)
1021 4134 1181 4183 legime
1211 4136 1248 4172 1.
1355 4134 1402 4179 h)
1427 4134 1665 4173 bolizlaum
1690 4133 1739 4173 V.

437 4254 488 4319 1)
539 4257 607 4308 A.
644 4255 745 4308 967
793 4255 939 4307 Arm.
976 4252 1126 4308 Orac.
1171 4260 1271 4308 vet.
1318 4260 1369 4309 et
1413 4255 1559 4308 Ann.
1597 4269 1745 4320 cap„
1800 4255 1904 4308 966
1939 4252 2087 4306 Ama.
2122 4253 2242 4306 Pol.
2324 4250 2411 4321 Of.
2446 4252 2685 4320 Roepell,

435 4322 649 4376 ‘Gescla
705 4323 920 4378 Pozem’
973 4325 1028 4388 I,
1081 4324 1247 4378 vieo-te
1296 4323 1542 4391 Beilaye,
1590 4339 1651 4390 p.
1692 4321 2019 4377 622—626.
2182 4323 2237 4386 2)
2288 4322 2687 4376 Poznaniensis

433 4391 730 4454 968-972;
767 4408 816 4444 v.
851 4394 939 4457 II,
975 4393 1060 4445 22.
1214 4392 1270 4459 3)
1319 4395 1387 4446 A.
1413 4393 1516 4447 977
1549 4396 1820 4446 mortuam
1855 4407 1975 4444 eam
2010 4406 2125 4445 esse
2161 4389 2382 4446 Oosmas
2415 4390 2541 4453 (SS.
2568 4391 2687 4455 IX)

435 4460 617 4516 tradit.
753 4459 806 4527 4)
845 4462 1024 4516 Kalbe
1056 4462 1320 4529 oppidum
1354 4462 1430 4515 ad
1463 4462 1687 4527 fluvium
1724 4461 1901 4515 Made
1934 4460 2118 4514 situm.
