3100 5050
1012 431 1415 484 ΤΗΙΕΤΜΑΒΙ
1451 429 1712 486 CHRON.
1782 433 1919 486 LIB.
1956 433 2090 487 IIII.
2613 433 2681 486 83

601 585 703 650 32.
801 585 1072 648 Romam
1153 605 1306 649 sane
1387 585 1676 667 predicto
1756 607 2003 650 cesare-
2052 583 2477 666 ingrediente,
2557 604 2683 648 non

431 672 762 735 minimum
826 670 1100 735 confisus
1167 671 1236 734 in
1295 671 1519 736 iuvene
1580 671 1737 736 fecit
1788 693 1932 736 eum
1996 670 2417 754 spataferium
2476 691 2683 750 suum,

431 757 673 822 dicens:
741 757 930 821 ‘Dum
985 776 1098 840 ego
1151 755 1342 821 hodie
1387 757 1472 821 ad
1515 779 1704 822 sacra
1747 757 1973 822 limina
2018 756 2455 840 apostolorum
2498 776 2686 840 pero-

429 843 608 922 rabo,
661 848 734 907 tu
780 842 1064 924 gladium
1107 843 1412 908 continue
1456 864 1650 926 super
1694 850 1889 925 caput
1930 864 2142 907 meum
2186 849 2417 908 teneto.
2520 841 2684 906 Nam

429 929 620 994 fidem
663 929 1015 993 Romanam
1063 928 1577 995 antecessoribus
1620 932 1860 994 nostris
1906 928 2120 1013 sepius
2164 936 2525 1013 suspectam
2560 949 2687 992 non

430 1019 674 1098 ignoro,
775 1015 1098 1097 Sapientis
1151 1015 1322 1079 enim
1375 1023 1500 1092 est,
1566 1015 1837 1081 adversa
1891 1035 2185 1099 quaeque
2237 1015 2421 1097 longe
2475 1014 2686 1079 adhuc

430 1103 646 1185 posita
717 1101 1064 1184 cogitando
1132 1121 1536 1184 prenoscere,
1620 1123 1699 1166 ne
1769 1102 1935 1166 forte
2014 1102 2364 1182 improvisa
2432 1100 2688 1165 valeant

433 1209 758 1270 superare.
856 1186 1100 1251 Deinde
1151 1187 1474 1252 redeundo
1529 1187 1615 1251 ad
1666 1194 1948 1252 montem
2004 1186 2243 1251 Gaudii
2268 1187 2310 1263 ¹,
2375 1190 2685 1270 quantum

430 1274 726 1353 volueriS,
781 1273 1006 1338 orat0.’
1105 1272 1260 1337 Inde
1304 1294 1453 1338 vero
1497 1294 1789 1339 reversus
1842 1273 2191 1352 abbatiam,
2240 1293 2405 1356 quae
2449 1272 2687 1337 dicitur

433 1359 646 1423 Torna
662 1358 707 1437 2,
745 1359 825 1423 de
869 1359 1224 1424 hereditate
1268 1360 1534 1442 propria
1576 1361 1960 1440 construxit,
1997 1361 2063 1423 in
2107 1379 2237 1443 qua
2270 1357 2469 1428 filiam
2505 1378 2688 1424 suam

433 1445 853 1525 abbatissam,
941 1445 1360 1529 plurimarum
1443 1447 1576 1510 Deo
1656 1446 2028 1511 devotarum
2106 1445 2689 1510 sanctimonialium

435 1540 724 1611 matrem,
769 1553 1034 1606 assensu
1079 1530 1444 1615 pontificis3
1489 1533 1844 1611 constituit,
1892 1538 2243 1615 sanctoque
2289 1529 2690 1614 Lantperto⁴

435 1639 551 1700 pro
595 1617 876 1682 remedio
921 1618 1176 1682 animae
1222 1638 1379 1682 suae
1425 1640 1504 1682 ex
1548 1619 1797 1700 integro
1842 1617 2129 1684 tradidit.

603 1705 705 1769 33.
769 1703 930 1789 (23.)
1021 1703 1228 1767 Huius
1287 1724 1434 1768 vero
1495 1705 1955 1787 omnipotentis
2014 1702 2133 1767 Dei
2195 1703 2475 1767 famulae
2537 1703 2691 1786 quia

433 1791 823 1854 mentionem
851 1789 1138 1869 fecimuS,
1176 1789 1348 1872 quod
1377 1791 1619 1853 nostris
1647 1789 2042 1872 temporibus
2068 1810 2183 1873 per
2210 1810 2351 1853 eam
2380 1789 2689 1854 Dominus

433 1883 734 1958 operatus
789 1880 914 1955 est,
970 1875 1224 1938 silentio
1277 1897 1405 1940 non
1457 1875 1929 1959 preteribimus.
2030 1875 2508 1960 Hospitalitatis
2561 1895 2689 1938 non

431 1961 634 2027 oblita
684 1968 905 2027 tantae
961 1961 1350 2044 dapsilitatis
1405 1963 1580 2026 circa
1632 1982 1866 2044 egenos
1924 1968 1989 2026 et
2039 1962 2425 2046 peregrinos
2457 1961 2689 2038 extitit,

433 2054 507 2112 ut
559 2047 838 2131 quadam
893 2046 996 2111 die
1050 2046 1130 2111 de
1171 2048 1316 2112 vino
1368 2047 1461 2111 nil
1506 2047 1629 2112 sibi
1671 2048 1771 2113 vel
1824 2049 2151 2112 sororibus
2196 2046 2693 2112 beneficentiae⁸

434 2134 1157 2218 communicationisque
1201 2154 1400 2198 causa
1451 2134 1862 2217 pretermisit.
1959 2133 2097 2198 Hoc
2152 2133 2301 2198 dum
2358 2133 2693 2198 celleraria

435 2220 558 2283 sibi
601 2220 980 2298 nuntiasset,
1036 2220 1158 2284 ait:
1215 2219 1420 2302 ‘Equo
1467 2221 1683 2284 animo
1740 2227 1897 2297 estc,
1952 2241 2124 2299 cara,
2181 2226 2245 2283 et
2299 2218 2690 2284 confortare!

437 2307 557 2369 Dei
603 2307 773 2370 enim
817 2306 1028 2388 gratia
1073 2307 1231 2370 satis
1276 2305 1459 2370 nobis
1505 2308 1745 2389 poterit
1797 2307 1993 2371 dare.’
2091 2305 2453 2389 Statimque
2506 2304 2693 2369 solito

433 2413 612 2456 more
657 2399 808 2456 ante
852 2412 1106 2456 crucem
1151 2398 1476 2474 prostrata
1519 2393 1586 2456 in
1630 2393 1908 2457 oratorio
1946 2398 2204 2456 sanctae
2242 2391 2487 2456 Mariae
2524 2392 2697 2474 cepit

436 2499 639 2558 orare,
696 2479 1037 2562 vinumque
1081 2479 1148 2543 in
1192 2498 1341 2543 vase
1387 2477 1679 2544 funditus
1721 2479 1931 2565 pridie
1976 2477 2360 2544 exhaustum
2408 2497 2691 2543 crescere

436 2567 631 2648 cepit,
685 2562 1108 2649 quoadusque
1163 2562 1561 2649 superfluxit.
1657 2565 1755 2629 De
1807 2586 1933 2649 quo
1986 2586 2114 2629 non
2163 2570 2415 2629 tantum
2458 2565 2691 2629 sancti-

434 2652 764 2730 moniales,
805 2650 919 2716 sed
956 2658 1021 2715 et
1054 2672 1248 2734 quam
1283 2650 1500 2733 plures
1538 2650 1650 2715 diu
1686 2649 1770 2716 ad
1807 2652 2061 2717 laudem
2099 2651 2358 2716 Domini
2392 2650 2693 2715 biberunt

435 2739 1013 2803 circummanentes
1061 2737 1158 2800 vel
1202 2736 1641 2804 adventantes,

604 2824 706 2891 34.
793 2824 1048 2889 interea
1110 2824 1401 2905 contigit,
1477 2831 1549 2887 ut
1612 2823 1871 2887 domina
1931 2822 2270 2888 Heresuitb
2341 2822 2691 2901 comitissa,

436 2909 638 2993 ipsius
701 2910 948 2975 scilicet
1005 2910 1238 2973 coniux
1290 2909 1665 2989 reverenda,
1727 2910 1795 2972 in
1849 2916 2029 2974 curte
2081 2929 2224 2987 sua,
2289 2910 2401 2992 qui
2454 2908 2693 2973 dicitur

435 2996 668 3073 Gilisa,
732 2997 905 3078 cepit
965 3001 1274 3078 egrotare.
1376 2996 1555 3074 Quae
1617 2996 1838 3060 statim
1898 2996 2072 3061 velut
2130 2998 2357 3059 mortis
2420 3014 2695 3079 presaga

438 3081 695 3147 futurae
739 3081 1065 3146 festinavit
1106 3081 1202 3144 ire
1247 3080 1330 3145 ad
1366 3081 1597 3149 Torua.
1688 3080 1827 3159 Quo
1874 3081 2023 3146 dum
2072 3102 2184 3164 pre
2230 3081 2428 3146 nimio
2472 3080 2693 3145 dolore

434 3169 730 3251 nequiret
779 3168 1140 3253 pervenire,
1195 3168 1262 3231 in
1316 3167 1506 3232 domo
1562 3167 1898 3233 cuiusdam
1954 3168 2213 3232 maioris
2266 3168 2577 3232 remansit
2627 3168 2694 3230 in

433 3254 685 3319 itinere.
800 3254 950 3333 Qui,
1025 3254 1193 3323 ‚sicut
1253 3254 1388 3338 ipse
1453 3252 1641 3318 nobis
1711 3254 1959 3333 retulit,
2030 3254 2266 3319 nimiae
2336 3253 2693 3319 ferocitatis

435 3360 626 3405 canes
661 3339 909 3419 habuit,
947 3360 1221 3423 quorum
1255 3338 1565 3405 latratum
1600 3342 1742 3423 ipsa
1777 3338 2033 3403 infirma
2058 3341 2339 3423 graviter
2366 3339 2689 3405 sustinuit.

437 3426 686 3511 Hospes
729 3431 805 3490 ut
848 3426 1120 3504 audivit,
1181 3424 1414 3493 festine
1456 3432 1761 3509 precatus
1804 3425 1887 3491 ab
1932 3426 2071 3509 ipsa
2113 3426 2230 3490 hos
2271 3426 2693 3490 libentissime

433 3512 636 3577 voluit
679 3533 907 3595 capere
949 3512 1048 3577 vel
1101 3510 1186 3575 ad
1230 3512 1558 3592 ultimum,
1624 3513 1679 3577 si
1722 3512 2065 3595 potuisset,
2130 3512 2333 3576 eciam
2380 3510 2691 3576 occidere.

434 3597 678 3663 Horum
725 3598 876 3663 dum
922 3603 1220 3663 neutrum
1265 3599 1598 3681 potuisset,
1644 3596 2028 3662 mirabiliter
2069 3597 2323 3677 accidit,
2370 3605 2445 3662 ut
2479 3596 2693 3662 nullus

435 3705 653 3750 eorum
706 3690 929 3769 postea
982 3682 1188 3767 quivit
1239 3684 1506 3763 latrare,
1572 3684 1773 3749 donec
1824 3690 2051 3748 sancta
2105 3684 2225 3748 Dei
2288 3684 2524 3749 ancilla
2583 3682 2696 3747 ob-

437 3770 738 3835 dormivit
778 3771 848 3835 in
893 3790 1068 3853 pace.
1172 3769 1378 3847 Quam
1423 3791 1608 3835 secus
1652 3770 2117 3835 monasterium
2164 3770 2547 3835 communis⁰
2601 3768 2694 3833 la-

434 3856 614 3922 boris
683 3878 894 3923 comes
965 3864 1228 3922 sanctae
1297 3856 1731 3940 simplicitatis
1809 3856 1875 3920 in
1956 3857 2305 3922 secretario
2386 3854 2691 3940 sepelivit.

437 3942 645 4007 Huius
705 3944 1064 4008 cameraria
1126 3942 1344 4007 multis
1407 3942 1593 4007 annis
1653 3942 1779 4007 fuit
1838 3942 2167 4027 ydropica.
2267 3942 2435 4007 Huic
2490 3941 2693 4006 visum

436 4036 534 4093 est
575 4030 638 4097 in
687 4030 908 4112 vigilia
951 4029 1188 4093 natalis
1237 4028 1521 4107 Domini,
1583 4026 1755 4111 quod
1800 4028 1884 4092 ad
1936 4028 2345 4112 sepulchrum
2395 4028 2692 4093 dominae
2720 4047 2911 4087 neam.

435 4136 592 4179 suae
663 4115 964 4181 candelas
1035 4114 1300 4181 deberet
1357 4114 1619 4193 afferre3
1690 4114 1859 4197 quod
1922 4121 1987 4179 et
2045 4114 2218 4185 fecit.
2333 4114 2479 4178 Mox
2539 4113 2693 4178 dum

436 4249 481 4302 ι)
507 4252 813 4293 beneficientie
840 4255 881 4293 2.
986 4254 1031 4301 b)
1057 4253 1242 4293 Hei-sust
1268 4252 1321 4292 Δ.
1343 4252 1388 4293 S.
1401 4266 1418 4300 ,·
1447 4252 1678 4291 heresuint
1703 4253 1744 4290 2.
1849 4250 1892 4303 ο)
1919 4253 1989 4291 sui
2016 4253 2255 4292 communis
2280 4252 2333 4291 A.
2354 4252 2401 4292 S.
2429 4262 2471 4291 a.
2490 4252 2587 4292 995.

438 4340 492 4405 1)
530 4341 699 4395 Nunc
733 4342 920 4395 Monte
957 4340 1144 4395 Mario
1178 4340 1240 4393 in
1275 4339 1466 4394 dextra
1497 4340 1628 4407 ripa
1658 4338 1884 4405 Tiberi&
1920 4339 1991 4404 cf.
2030 4340 2233 4405 Waitz,
2270 4336 2689 4462 ‘Kirfassunys-

434 4410 634 4475 gesch!
676 4409 778 4475 VI,
830 4411 947 4465 186.
1111 4411 1165 4474 2)
1213 4409 1394 4463 Turne
1431 4408 1693 4475 oppidum
1739 4408 1800 4462 in
1847 4409 2079 4463 sinistra
2124 4410 2253 4477 ripa
2362 4424 2489 4463 osae
2536 4408 2692 4469 infra

439 4478 775 4532 Maasm‘cht
805 4494 973 4545 prope
1009 4479 1346 4534 Rom-monde
1381 4478 1561 4533 situm.
1717 4477 1771 4542 3)
1807 4478 2142 4532 Leodiensis.
2298 4476 2353 4543 4)
2390 4477 2691 4532 Leodiensi.

2312 4578 2385 4637 6*
