<?xml version="1.0" encoding="UTF-8"?>
<!DOCTYPE html PUBLIC "-//W3C//DTD XHTML 1.0 Transitional//EN"
    "http://www.w3.org/TR/xhtml1/DTD/xhtml1-transitional.dtd">
<html xmlns="http://www.w3.org/1999/xhtml" xml:lang="en" lang="en">
 <head>
  <title>
</title>
<meta http-equiv="Content-Type" content="text/html;charset=utf-8" />
  <meta name='ocr-system' content='tesseract 3.04.00' />
  <meta name='ocr-capabilities' content='ocr_page ocr_carea ocr_par ocr_line ocrx_word'/>
</head>
<body>
  <div class='ocr_page' id='page_1' title='image "./thietmarimerseb00lappgoog_0060.png"; bbox 0 0 3100 5050; ppageno 0'>
   <div class='ocr_carea' id='block_1_1' title="bbox 29 3974 35 4688">
    <p class='ocr_par' dir='ltr' id='par_1_1' title="bbox 29 3974 35 4688">
     <span class='ocr_line' id='line_1_1' title="bbox 29 3974 35 4688; baseline 0 0"><span class='ocrx_word' id='word_1_1' title='bbox 29 3974 35 4688; x_wconf 95' lang='lat' dir='ltr'> </span> 
     </span>
    </p>
   </div>
   <div class='ocr_carea' id='block_1_2' title="bbox 167 833 384 936">
    <p class='ocr_par' dir='ltr' id='par_1_2' title="bbox 167 833 384 936">
     <span class='ocr_line' id='line_1_2' title="bbox 167 833 384 878; baseline -0.005 -4"><span class='ocrx_word' id='word_1_2' title='bbox 167 833 251 878; x_wconf 79' lang='lat' dir='ltr'>Ov.</span> <span class='ocrx_word' id='word_1_3' title='bbox 280 834 384 873; x_wconf 75' lang='lat' dir='ltr'>Met.</span> 
     </span>
     <span class='ocr_line' id='line_1_3' title="bbox 195 885 350 936; baseline 0 -11"><span class='ocrx_word' id='word_1_4' title='bbox 195 885 232 936; x_wconf 93' lang='lat'>1,</span> <span class='ocrx_word' id='word_1_5' title='bbox 259 885 350 926; x_wconf 72' lang='lat'><strong><em>⁷75.</em></strong></span> 
     </span>
    </p>
   </div>
   <div class='ocr_carea' id='block_1_3' title="bbox 103 1109 385 1158">
    <p class='ocr_par' dir='ltr' id='par_1_3' title="bbox 103 1109 385 1158">
     <span class='ocr_line' id='line_1_4' title="bbox 103 1109 385 1158; baseline 0.004 -9"><span class='ocrx_word' id='word_1_6' title='bbox 103 1109 385 1158; x_wconf 61' lang='lat' dir='ltr'>Annnuedl.</span> 
     </span>
    </p>
   </div>
   <div class='ocr_carea' id='block_1_4' title="bbox 197 1188 387 1306">
    <p class='ocr_par' dir='ltr' id='par_1_4' title="bbox 197 1188 387 1306">
     <span class='ocr_line' id='line_1_5' title="bbox 197 1188 342 1242; baseline -0.007 0"><span class='ocrx_word' id='word_1_7' title='bbox 197 1203 210 1214; x_wconf 70' lang='lat'><strong>⁶</strong></span> <span class='ocrx_word' id='word_1_8' title='bbox 238 1188 342 1242; x_wconf 86' lang='lat'>937</span> 
     </span>
     <span class='ocr_line' id='line_1_6' title="bbox 205 1265 387 1306; baseline 0.005 -1"><span class='ocrx_word' id='word_1_9' title='bbox 205 1265 293 1305; x_wconf 73' lang='lat' dir='ltr'>Mal</span> <span class='ocrx_word' id='word_1_10' title='bbox 320 1266 387 1306; x_wconf 74' lang='lat'><strong><em>81.</em></strong></span> 
     </span>
    </p>
   </div>
   <div class='ocr_carea' id='block_1_5' title="bbox 219 1611 382 1678">
    <p class='ocr_par' dir='ltr' id='par_1_5' title="bbox 219 1611 382 1678">
     <span class='ocr_line' id='line_1_7' title="bbox 219 1611 382 1678; baseline -0.012 -11"><span class='ocrx_word' id='word_1_11' title='bbox 219 1611 382 1678; x_wconf 83' lang='lat'><strong><em>(938).</em></strong></span> 
     </span>
    </p>
   </div>
   <div class='ocr_carea' id='block_1_6' title="bbox 261 1794 384 1934">
    <p class='ocr_par' dir='ltr' id='par_1_6' title="bbox 261 1794 384 1934">
     <span class='ocr_line' id='line_1_8' title="bbox 261 1794 380 1848; baseline -0.025 1"><span class='ocrx_word' id='word_1_12' title='bbox 261 1794 380 1848; x_wconf 84' lang='lat'><strong><em>938.</em></strong></span> 
     </span>
     <span class='ocr_line' id='line_1_9' title="bbox 264 1879 384 1934; baseline -0.008 -1"><span class='ocrx_word' id='word_1_13' title='bbox 264 1879 384 1934; x_wconf 81' lang='lat'><strong><em>939.</em></strong></span> 
     </span>
    </p>
   </div>
   <div class='ocr_carea' id='block_1_7' title="bbox 224 2485 384 2554">
    <p class='ocr_par' dir='ltr' id='par_1_7' title="bbox 224 2485 384 2554">
     <span class='ocr_line' id='line_1_10' title="bbox 224 2485 384 2554; baseline -0.006 -10"><span class='ocrx_word' id='word_1_14' title='bbox 224 2485 384 2554; x_wconf 86' lang='lat'><strong><em>(944).</em></strong></span> 
     </span>
    </p>
   </div>
   <div class='ocr_carea' id='block_1_8' title="bbox 113 2658 393 2793">
    <p class='ocr_par' dir='ltr' id='par_1_8' title="bbox 113 2658 393 2793">
     <span class='ocr_line' id='line_1_11' title="bbox 113 2658 393 2707; baseline 0.004 -8"><span class='ocrx_word' id='word_1_15' title='bbox 113 2658 393 2707; x_wconf 53' lang='lat' dir='ltr'>Annonem.</span> 
     </span>
     <span class='ocr_line' id='line_1_12' title="bbox 269 2740 386 2793; baseline 0 0"><span class='ocrx_word' id='word_1_16' title='bbox 269 2740 386 2793; x_wconf 79' lang='lat'><strong><em>954.</em></strong></span> 
     </span>
    </p>
   </div>
   <div class='ocr_carea' id='block_1_9' title="bbox 409 416 2049 477">
    <p class='ocr_par' dir='ltr' id='par_1_9' title="bbox 409 416 2049 477">
     <span class='ocr_line' id='line_1_13' title="bbox 409 416 2049 477; baseline -0.002 0"><span class='ocrx_word' id='word_1_17' title='bbox 409 422 478 477; x_wconf 87' lang='lat'>40</span> <span class='ocrx_word' id='word_1_18' title='bbox 1024 416 1434 473; x_wconf 85' lang='lat' dir='ltr'><strong>THIETMARI</strong></span> <span class='ocrx_word' id='word_1_19' title='bbox 1469 417 1729 474; x_wconf 81' lang='lat' dir='ltr'><strong><em>CHRON.</em></strong></span> <span class='ocrx_word' id='word_1_20' title='bbox 1802 419 1939 475; x_wconf 91' lang='lat' dir='ltr'><strong><em>LIB.</em></strong></span> <span class='ocrx_word' id='word_1_21' title='bbox 1974 419 2049 473; x_wconf 87' lang='grc' dir='ltr'>ΙΙ.</span> 
     </span>
    </p>
   </div>
   <div class='ocr_carea' id='block_1_10' title="bbox 409 571 2677 2901">
    <p class='ocr_par' dir='ltr' id='par_1_10' title="bbox 409 571 2663 788">
     <span class='ocr_line' id='line_1_14' title="bbox 410 571 2663 656; baseline 0.001 -20"><span class='ocrx_word' id='word_1_22' title='bbox 410 573 504 639; x_wconf 90' lang='lat' dir='ltr'>vis</span> <span class='ocrx_word' id='word_1_23' title='bbox 541 573 744 638; x_wconf 83' lang='lat' dir='ltr'>multa</span> <span class='ocrx_word' id='word_1_24' title='bbox 781 578 1175 638; x_wconf 88' lang='lat' dir='ltr'>senectutem</span> <span class='ocrx_word' id='word_1_25' title='bbox 1212 593 1397 638; x_wconf 86' lang='lat' dir='ltr'>suam</span> <span class='ocrx_word' id='word_1_26' title='bbox 1429 571 1961 639; x_wconf 79' lang='lat' dir='ltr'>circumvenirent</span> <span class='ocrx_word' id='word_1_27' title='bbox 1984 573 2409 656; x_wconf 90' lang='lat' dir='ltr'>incommoda,</span> <span class='ocrx_word' id='word_1_28' title='bbox 2448 581 2663 640; x_wconf 89' lang='lat' dir='ltr'>tamen</span> 
     </span>
     <span class='ocr_line' id='line_1_15' title="bbox 409 655 1984 788; baseline -0.001 -62"><span class='ocrx_word' id='word_1_29' title='bbox 409 658 686 726; x_wconf 86' lang='lat' dir='ltr'>affabilis</span> <span class='ocrx_word' id='word_1_30' title='bbox 729 664 795 724; x_wconf 90' lang='lat' dir='ltr'>et</span> <span class='ocrx_word' id='word_1_31' title='bbox 835 657 1201 724; x_wconf 81' lang='lat' dir='ltr'>laudandae</span> <span class='ocrx_word' id='word_1_32' title='bbox 1268 655 1424 788; x_wconf 58' lang='lat' dir='ltr'>fuit]</span> <span class='ocrx_word' id='word_1_33' title='bbox 1461 660 1984 724; x_wconf 84' lang='lat' dir='ltr'>conversationis.</span> 
     </span>
    </p>

    <p class='ocr_par' dir='ltr' id='par_1_11' title="bbox 412 743 2675 2639">
     <span class='ocr_line' id='line_1_16' title="bbox 579 743 1380 832; baseline -0.004 -20"><span class='ocrx_word' id='word_1_34' title='bbox 579 745 708 830; x_wconf 86' lang='lat'><strong><em>[34.</em></strong></span> <span class='ocrx_word' id='word_1_35' title='bbox 769 743 931 832; x_wconf 82' lang='lat'><strong><em>(22.)</em></strong></span> <span class='ocrx_word' id='word_1_36' title='bbox 1009 744 1222 830; x_wconf 84' lang='lat' dir='ltr'>*Expe</span> <span class='ocrx_word' id='word_1_37' title='bbox 1267 745 1380 809; x_wconf 87' lang='lat' dir='ltr'>itis</span> 
     </span>
     <span class='ocr_line' id='line_1_17' title="bbox 414 830 2663 916; baseline -0.001 -18"><span class='ocrx_word' id='word_1_38' title='bbox 414 831 653 898; x_wconf 89' lang='lat' dir='ltr'>inclitis</span> <span class='ocrx_word' id='word_1_39' title='bbox 706 830 973 911; x_wconf 89' lang='lat' dir='ltr'>actibus,</span> <span class='ocrx_word' id='word_1_40' title='bbox 1027 830 1154 895; x_wconf 88' lang='lat' dir='ltr'>fert</span> <span class='ocrx_word' id='word_1_41' title='bbox 1195 831 1467 908; x_wconf 88' lang='lat' dir='ltr'>animus,</span> <span class='ocrx_word' id='word_1_42' title='bbox 1511 831 1888 915; x_wconf 85' lang='lat' dir='ltr'>priusquam</span> <span class='ocrx_word' id='word_1_43' title='bbox 1935 832 2180 897; x_wconf 88' lang='lat' dir='ltr'>obitum</span> <span class='ocrx_word' id='word_1_44' title='bbox 2226 832 2363 897; x_wconf 91' lang='lat' dir='ltr'>eius</span> <span class='ocrx_word' id='word_1_45' title='bbox 2404 833 2663 916; x_wconf 89' lang='lat' dir='ltr'>scriptis</span> 
     </span>
     <span class='ocr_line' id='line_1_18' title="bbox 415 915 2667 1002; baseline 0 -19"><span class='ocrx_word' id='word_1_46' title='bbox 415 917 964 1000; x_wconf 86' lang='lat' dir='ltr'>comprehendam,</span> <span class='ocrx_word' id='word_1_47' title='bbox 1002 916 1082 981; x_wconf 90' lang='lat' dir='ltr'>de</span> <span class='ocrx_word' id='word_1_48' title='bbox 1117 917 1217 982; x_wconf 91' lang='lat' dir='ltr'>his</span> <span class='ocrx_word' id='word_1_49' title='bbox 1254 915 1502 1001; x_wconf 89' lang='lat' dir='ltr'>aliquid</span> <span class='ocrx_word' id='word_1_50' title='bbox 1538 916 1769 997; x_wconf 85' lang='lat' dir='ltr'>dicere,</span> <span class='ocrx_word' id='word_1_51' title='bbox 1807 918 1919 1001; x_wconf 88' lang='lat' dir='ltr'>qui</span> <span class='ocrx_word' id='word_1_52' title='bbox 1956 917 2239 983; x_wconf 90' lang='lat' dir='ltr'>eiusdem</span> <span class='ocrx_word' id='word_1_53' title='bbox 2275 918 2667 1002; x_wconf 78' lang='lat' dir='ltr'>temporibus</span> 
     </span>
     <span class='ocr_line' id='line_1_19' title="bbox 413 1002 2671 1088; baseline 0.001 -20"><span class='ocrx_word' id='word_1_54' title='bbox 413 1003 605 1069; x_wconf 87' lang='lat' dir='ltr'>utiles</span> <span class='ocrx_word' id='word_1_55' title='bbox 658 1004 967 1069; x_wconf 83' lang='lat' dir='ltr'>aeclesiae</span> <span class='ocrx_word' id='word_1_56' title='bbox 1023 1009 1087 1068; x_wconf 92' lang='lat' dir='ltr'>et</span> <span class='ocrx_word' id='word_1_57' title='bbox 1130 1002 1255 1068; x_wconf 89' lang='lat' dir='ltr'>sibi</span> <span class='ocrx_word' id='word_1_58' title='bbox 1311 1003 1717 1085; x_wconf 81' lang='lat' dir='ltr'>exspiravere</span> <span class='ocrx_word' id='word_1_59' title='bbox 1770 1009 1835 1068; x_wconf 89' lang='lat' dir='ltr'>et</span> <span class='ocrx_word' id='word_1_60' title='bbox 1890 1003 2061 1088; x_wconf 89' lang='lat' dir='ltr'>quod</span> <span class='ocrx_word' id='word_1_61' title='bbox 2116 1004 2368 1069; x_wconf 77' lang='lat' dir='ltr'>interim</span> <span class='ocrx_word' id='word_1_62' title='bbox 2432 1005 2671 1070; x_wconf 86' lang='lat' dir='ltr'>accidit</span> 
     </span>
     <span class='ocr_line' id='line_1_20' title="bbox 412 1088 2669 1174; baseline -0 -18"><span class='ocrx_word' id='word_1_63' title='bbox 412 1109 742 1156; x_wconf 85' lang='lat' dir='ltr'>renovare.</span> <span class='ocrx_word' id='word_1_64' title='bbox 849 1089 1256 1169; x_wconf 85' lang='lat' dir='ltr'>Hillibertus,</span> <span class='ocrx_word' id='word_1_65' title='bbox 1319 1089 1431 1173; x_wconf 90' lang='lat' dir='ltr'>qui</span> <span class='ocrx_word' id='word_1_66' title='bbox 1492 1109 1639 1154; x_wconf 90' lang='lat' dir='ltr'>eum</span> <span class='ocrx_word' id='word_1_67' title='bbox 1701 1090 1915 1169; x_wconf 86' lang='lat' dir='ltr'>unxit,</span> <span class='ocrx_word' id='word_1_68' title='bbox 1980 1088 2375 1174; x_wconf 83' lang='lat' dir='ltr'>archiepisco</span> <span class='ocrx_word' id='word_1_69' title='bbox 2422 1089 2541 1156; x_wconf 81' lang='lat' dir='ltr'>us²</span> <span class='ocrx_word' id='word_1_70' title='bbox 2600 1091 2669 1155; x_wconf 91' lang='lat' dir='ltr'>in</span> 
     </span>
     <span class='ocr_line' id='line_1_21' title="bbox 418 1173 2667 1259; baseline 0 -16"><span class='ocrx_word' id='word_1_71' title='bbox 418 1176 700 1243; x_wconf 88' lang='lat' dir='ltr'>secundo</span> <span class='ocrx_word' id='word_1_72' title='bbox 751 1177 932 1259; x_wconf 87' lang='lat' dir='ltr'>regni</span> <span class='ocrx_word' id='word_1_73' title='bbox 984 1175 1218 1241; x_wconf 90' lang='lat' dir='ltr'>suimet</span> <span class='ocrx_word' id='word_1_74' title='bbox 1269 1195 1436 1241; x_wconf 87' lang='lat' dir='ltr'>anno</span> <span class='ocrx_word' id='word_1_75' title='bbox 1494 1173 1878 1241; x_wconf 88' lang='lat' dir='ltr'>obdormivit</span> <span class='ocrx_word' id='word_1_76' title='bbox 1936 1176 2004 1240; x_wconf 92' lang='lat' dir='ltr'>in</span> <span class='ocrx_word' id='word_1_77' title='bbox 2059 1175 2316 1242; x_wconf 89' lang='lat' dir='ltr'>Christo</span> <span class='ocrx_word' id='word_1_78' title='bbox 2394 1176 2479 1245; x_wconf 92' lang='lat' dir='ltr'>II.</span> <span class='ocrx_word' id='word_1_79' title='bbox 2524 1175 2667 1244; x_wconf 88' lang='lat' dir='ltr'>Kal.</span> 
     </span>
     <span class='ocr_line' id='line_1_22' title="bbox 418 1259 2665 1349; baseline 0.001 -22"><span class='ocrx_word' id='word_1_80' title='bbox 418 1259 684 1349; x_wconf 77' lang='lat' dir='ltr'>Iunii]¹’·</span> <span class='ocrx_word' id='word_1_81' title='bbox 710 1259 765 1341; x_wconf 81' lang='lat'>3;</span> <span class='ocrx_word' id='word_1_82' title='bbox 804 1267 872 1327; x_wconf 90' lang='lat' dir='ltr'>et</span> <span class='ocrx_word' id='word_1_83' title='bbox 897 1261 1048 1326; x_wconf 90' lang='lat' dir='ltr'>huic</span> <span class='ocrx_word' id='word_1_84' title='bbox 1068 1260 1462 1326; x_wconf 85' lang='lat' dir='ltr'>Frithericus</span> <span class='ocrx_word' id='word_1_85' title='bbox 1502 1261 1849 1328; x_wconf 81' lang='lat' dir='ltr'>succedens</span> <span class='ocrx_word' id='word_1_86' title='bbox 1879 1262 2015 1329; x_wconf 89' lang='lat' dir='ltr'>Deo</span> <span class='ocrx_word' id='word_1_87' title='bbox 2039 1262 2285 1347; x_wconf 77' lang='lat' dir='ltr'>placuit</span> <span class='ocrx_word' id='word_1_88' title='bbox 2302 1269 2369 1330; x_wconf 90' lang='lat' dir='ltr'>et</span> <span class='ocrx_word' id='word_1_89' title='bbox 2386 1262 2601 1328; x_wconf 90' lang='lat' dir='ltr'>seculo</span> <span class='ocrx_word' id='word_1_90' title='bbox 2613 1263 2665 1329; x_wconf 90' lang='grc'><strong>*.</strong></span> 
     </span>
     <span class='ocr_line' id='line_1_23' title="bbox 415 1346 2669 1432; baseline 0 -19"><span class='ocrx_word' id='word_1_91' title='bbox 415 1349 490 1414; x_wconf 92' lang='lat' dir='ltr'>In</span> <span class='ocrx_word' id='word_1_92' title='bbox 527 1348 645 1412; x_wconf 90' lang='lat' dir='ltr'>hoc</span> <span class='ocrx_word' id='word_1_93' title='bbox 679 1368 849 1414; x_wconf 90' lang='lat' dir='ltr'>anno</span> <span class='ocrx_word' id='word_1_94' title='bbox 885 1347 1188 1429; x_wconf 80' lang='lat' dir='ltr'>Ungarii⁰</span> <span class='ocrx_word' id='word_1_95' title='bbox 1215 1346 1670 1430; x_wconf 72' lang='lat' dir='ltr'>Thuringiam‘1</span> <span class='ocrx_word' id='word_1_96' title='bbox 1705 1355 1900 1432; x_wconf 87' lang='lat' dir='ltr'>atque</span> <span class='ocrx_word' id='word_1_97' title='bbox 1948 1347 2297 1414; x_wconf 84' lang='lat' dir='ltr'>Saxoniam</span> <span class='ocrx_word' id='word_1_98' title='bbox 2345 1354 2669 1415; x_wconf 79' lang='lat' dir='ltr'>vastantes</span> 
     </span>
     <span class='ocr_line' id='line_1_24' title="bbox 413 1429 2670 1520; baseline 0 -21"><span class='ocrx_word' id='word_1_99' title='bbox 413 1435 479 1500; x_wconf 89' lang='lat' dir='ltr'>in</span> <span class='ocrx_word' id='word_1_100' title='bbox 515 1435 676 1499; x_wconf 90' lang='lat' dir='ltr'>locis</span> <span class='ocrx_word' id='word_1_101' title='bbox 709 1433 1040 1518; x_wconf 90' lang='lat' dir='ltr'>perierunt</span> <span class='ocrx_word' id='word_1_102' title='bbox 1075 1429 1519 1520; x_wconf 87' lang='lat' dir='ltr'>[firmissimis]‚</span> <span class='ocrx_word' id='word_1_103' title='bbox 1555 1433 1849 1499; x_wconf 90' lang='lat' dir='ltr'>nonnulli</span> <span class='ocrx_word' id='word_1_104' title='bbox 1886 1439 2103 1499; x_wconf 89' lang='lat' dir='ltr'>autem</span> <span class='ocrx_word' id='word_1_105' title='bbox 2141 1456 2219 1500; x_wconf 83' lang='lat' dir='ltr'>ex</span> <span class='ocrx_word' id='word_1_106' title='bbox 2255 1435 2401 1516; x_wconf 90' lang='lat' dir='ltr'>illis,</span> <span class='ocrx_word' id='word_1_107' title='bbox 2440 1436 2670 1500; x_wconf 88' lang='lat' dir='ltr'>timore</span> 
     </span>
     <span class='ocr_line' id='line_1_25' title="bbox 415 1519 2669 1604; baseline -0.001 -17"><span class='ocrx_word' id='word_1_108' title='bbox 415 1519 542 1587; x_wconf 88' lang='lat' dir='ltr'>sibi</span> <span class='ocrx_word' id='word_1_109' title='bbox 593 1520 733 1586; x_wconf 89' lang='lat' dir='ltr'>alas</span> <span class='ocrx_word' id='word_1_110' title='bbox 795 1519 1353 1597; x_wconf 87' lang='lat' dir='ltr'>subministrante,</span> <span class='ocrx_word' id='word_1_111' title='bbox 1415 1520 1697 1604; x_wconf 86' lang='lat' dir='ltr'>patriam</span> <span class='ocrx_word' id='word_1_112' title='bbox 1756 1519 2131 1587; x_wconf 86' lang='lat' dir='ltr'>reviserunt.</span> <span class='ocrx_word' id='word_1_113' title='bbox 2238 1519 2669 1600; x_wconf 86' lang='lat' dir='ltr'>Everhardus,</span> 
     </span>
     <span class='ocr_line' id='line_1_26' title="bbox 419 1604 2669 1688; baseline 0 -17"><span class='ocrx_word' id='word_1_114' title='bbox 419 1608 855 1672; x_wconf 80' lang='lat' dir='ltr'>Francorum⁰</span> <span class='ocrx_word' id='word_1_115' title='bbox 899 1605 1054 1684; x_wconf 84' lang='lat' dir='ltr'>dux,</span> <span class='ocrx_word' id='word_1_116' title='bbox 1121 1604 1340 1687; x_wconf 84' lang='lat' dir='ltr'>regi**</span> <span class='ocrx_word' id='word_1_117' title='bbox 1383 1604 1688 1686; x_wconf 88' lang='lat' dir='ltr'>infidelis,</span> <span class='ocrx_word' id='word_1_118' title='bbox 1755 1605 2141 1688; x_wconf 84' lang='lat' dir='ltr'>degradatus</span> <span class='ocrx_word' id='word_1_119' title='bbox 2183 1611 2283 1671; x_wconf 91' lang='lat' dir='ltr'>est</span> <span class='ocrx_word' id='word_1_120' title='bbox 2341 1612 2405 1670; x_wconf 88' lang='lat' dir='ltr'>et</span> <span class='ocrx_word' id='word_1_121' title='bbox 2459 1627 2669 1671; x_wconf 90' lang='lat' dir='ltr'>comes</span> 
     </span>
     <span class='ocr_line' id='line_1_27' title="bbox 415 1689 2669 1776; baseline -0.001 -18"><span class='ocrx_word' id='word_1_122' title='bbox 415 1689 832 1776; x_wconf 89' lang='lat' dir='ltr'>Wigmannus</span> <span class='ocrx_word' id='word_1_123' title='bbox 884 1691 1113 1757; x_wconf 90' lang='lat' dir='ltr'>humili</span> <span class='ocrx_word' id='word_1_124' title='bbox 1166 1692 1631 1776; x_wconf 88' lang='lat' dir='ltr'>supplicatione</span> <span class='ocrx_word' id='word_1_125' title='bbox 1680 1691 2131 1758; x_wconf 90' lang='lat' dir='ltr'>reconciliatus</span> <span class='ocrx_word' id='word_1_126' title='bbox 2186 1702 2285 1758; x_wconf 90' lang='lat' dir='ltr'>est</span> <span class='ocrx_word' id='word_1_127' title='bbox 2296 1690 2345 1756; x_wconf 77' lang='lat'><strong><em>4.</em></strong></span> <span class='ocrx_word' id='word_1_128' title='bbox 2444 1691 2520 1756; x_wconf 92' lang='lat' dir='ltr'>In</span> <span class='ocrx_word' id='word_1_129' title='bbox 2574 1712 2669 1756; x_wconf 89' lang='lat' dir='ltr'>se—</span> 
     </span>
     <span class='ocr_line' id='line_1_28' title="bbox 415 1776 2672 1864; baseline 0.001 -22"><span class='ocrx_word' id='word_1_130' title='bbox 415 1780 637 1864; x_wconf 88' lang='lat' dir='ltr'>quenti</span> <span class='ocrx_word' id='word_1_131' title='bbox 689 1799 856 1844; x_wconf 88' lang='lat' dir='ltr'>anno</span> <span class='ocrx_word' id='word_1_132' title='bbox 910 1776 1116 1843; x_wconf 89' lang='lat' dir='ltr'>frater</span> <span class='ocrx_word' id='word_1_133' title='bbox 1182 1779 1351 1861; x_wconf 86' lang='lat' dir='ltr'>regis</span> <span class='ocrx_word' id='word_1_134' title='bbox 1404 1777 1745 1844; x_wconf 89' lang='lat' dir='ltr'>Heinricus</span> <span class='ocrx_word' id='word_1_135' title='bbox 1795 1777 1879 1844; x_wconf 91' lang='lat' dir='ltr'>ab</span> <span class='ocrx_word' id='word_1_136' title='bbox 1922 1777 2351 1844; x_wconf 74' lang='lat' dir='ltr'>Ewarhardo‘</span> <span class='ocrx_word' id='word_1_137' title='bbox 2401 1779 2672 1844; x_wconf 72' lang='lat' dir='ltr'>comitess</span> 
     </span>
     <span class='ocr_line' id='line_1_29' title="bbox 419 1863 2672 1949; baseline -0.001 -19"><span class='ocrx_word' id='word_1_138' title='bbox 419 1872 672 1949; x_wconf 86' lang='lat' dir='ltr'>captus,</span> <span class='ocrx_word' id='word_1_139' title='bbox 729 1865 796 1928; x_wconf 90' lang='lat' dir='ltr'>in</span> <span class='ocrx_word' id='word_1_140' title='bbox 842 1863 1109 1929; x_wconf 84' lang='lat' dir='ltr'>vinculis</span> <span class='ocrx_word' id='word_1_141' title='bbox 1153 1870 1366 1930; x_wconf 87' lang='lat' dir='ltr'>tentus</span> <span class='ocrx_word' id='word_1_142' title='bbox 1409 1870 1526 1930; x_wconf 87' lang='lat' dir='ltr'>est.</span> <span class='ocrx_word' id='word_1_143' title='bbox 1628 1863 1703 1928; x_wconf 91' lang='lat' dir='ltr'>In</span> <span class='ocrx_word' id='word_1_144' title='bbox 1749 1863 1863 1932; x_wconf 91' lang='grc' dir='ltr'>ΙΙΙ.</span> <span class='ocrx_word' id='word_1_145' title='bbox 1916 1884 2087 1930; x_wconf 87' lang='lat' dir='ltr'>anno</span> <span class='ocrx_word' id='word_1_146' title='bbox 2140 1865 2672 1949; x_wconf 87' lang='lat' dir='ltr'>supramemorati</span> 
     </span>
     <span class='ocr_line' id='line_1_30' title="bbox 415 1948 2673 2034; baseline -0.001 -18"><span class='ocrx_word' id='word_1_147' title='bbox 415 1951 585 2034; x_wconf 87' lang='lat' dir='ltr'>regis</span> <span class='ocrx_word' id='word_1_148' title='bbox 616 1951 954 2015; x_wconf 87' lang='lat' dir='ltr'>Heinricus</span> <span class='ocrx_word' id='word_1_149' title='bbox 990 1948 1196 2014; x_wconf 89' lang='lat' dir='ltr'>frater</span> <span class='ocrx_word' id='word_1_150' title='bbox 1231 1950 1370 2016; x_wconf 88' lang='lat' dir='ltr'>eius</span> <span class='ocrx_word' id='word_1_151' title='bbox 1407 1956 1473 2016; x_wconf 90' lang='lat' dir='ltr'>et</span> <span class='ocrx_word' id='word_1_152' title='bbox 1507 1950 1964 2016; x_wconf 75' lang='lat' dir='ltr'>Evurhardush</span> <span class='ocrx_word' id='word_1_153' title='bbox 2002 1951 2132 2017; x_wconf 85' lang='lat' dir='ltr'>dux</span> <span class='ocrx_word' id='word_1_154' title='bbox 2166 1972 2244 2015; x_wconf 88' lang='lat' dir='ltr'>ac</span> <span class='ocrx_word' id='word_1_155' title='bbox 2278 1949 2673 2030; x_wconf 83' lang='lat' dir='ltr'>Isilbertus¹‚</span> 
     </span>
     <span class='ocr_line' id='line_1_31' title="bbox 419 2035 2671 2122; baseline -0 -20"><span class='ocrx_word' id='word_1_156' title='bbox 419 2055 632 2102; x_wconf 89' lang='lat' dir='ltr'>comes</span> <span class='ocrx_word' id='word_1_157' title='bbox 673 2035 1279 2119; x_wconf 70' lang='lat' dir='ltr'>Lutharingorumk·</span> <span class='ocrx_word' id='word_1_158' title='bbox 1298 2036 1342 2116; x_wconf 87' lang='lat'>⁵,</span> <span class='ocrx_word' id='word_1_159' title='bbox 1390 2057 1535 2102; x_wconf 90' lang='lat' dir='ltr'>cum</span> <span class='ocrx_word' id='word_1_160' title='bbox 1574 2037 1845 2103; x_wconf 86' lang='lat' dir='ltr'>caeteris</span> <span class='ocrx_word' id='word_1_161' title='bbox 1884 2038 2219 2122; x_wconf 89' lang='lat' dir='ltr'>nequiciae</span> <span class='ocrx_word' id='word_1_162' title='bbox 2256 2038 2495 2102; x_wconf 89' lang='lat' dir='ltr'>suimet</span> <span class='ocrx_word' id='word_1_163' title='bbox 2530 2035 2671 2101; x_wconf 86' lang='lat' dir='ltr'>fau·-</span> 
     </span>
     <span class='ocr_line' id='line_1_32' title="bbox 417 2121 2673 2207; baseline -0.001 -18"><span class='ocrx_word' id='word_1_164' title='bbox 417 2123 666 2190; x_wconf 88' lang='lat' dir='ltr'>toribus</span> <span class='ocrx_word' id='word_1_165' title='bbox 711 2123 805 2188; x_wconf 93' lang='lat' dir='ltr'>cis</span> <span class='ocrx_word' id='word_1_166' title='bbox 843 2123 1090 2187; x_wconf 89' lang='lat' dir='ltr'>Renum</span> <span class='ocrx_word' id='word_1_167' title='bbox 1133 2122 1415 2206; x_wconf 88' lang='lat' dir='ltr'>plurima</span> <span class='ocrx_word' id='word_1_168' title='bbox 1458 2122 1831 2207; x_wconf 88' lang='lat' dir='ltr'>depopulati</span> <span class='ocrx_word' id='word_1_169' title='bbox 1870 2131 2035 2189; x_wconf 86' lang='lat' dir='ltr'>sunt.</span> <span class='ocrx_word' id='word_1_170' title='bbox 2126 2123 2263 2189; x_wconf 94' lang='lat' dir='ltr'>Hoc</span> <span class='ocrx_word' id='word_1_171' title='bbox 2300 2121 2479 2187; x_wconf 71' lang='lat' dir='ltr'>Udoss</span> <span class='ocrx_word' id='word_1_172' title='bbox 2512 2121 2673 2186; x_wconf 87' lang='lat' dir='ltr'>ami-</span> 
     </span>
     <span class='ocr_line' id='line_1_33' title="bbox 416 2207 2672 2292; baseline 0 -19"><span class='ocrx_word' id='word_1_173' title='bbox 416 2230 530 2274; x_wconf 93' lang='lat' dir='ltr'>cus</span> <span class='ocrx_word' id='word_1_174' title='bbox 565 2210 732 2292; x_wconf 85' lang='lat' dir='ltr'>regis</span> <span class='ocrx_word' id='word_1_175' title='bbox 767 2207 916 2273; x_wconf 92' lang='lat' dir='ltr'>ilico</span> <span class='ocrx_word' id='word_1_176' title='bbox 971 2209 1370 2290; x_wconf 88' lang='lat' dir='ltr'>comperiens</span> <span class='ocrx_word' id='word_1_177' title='bbox 1413 2208 1906 2275; x_wconf 74' lang='lat' dir='ltr'>Evurhardum¹²</span> <span class='ocrx_word' id='word_1_178' title='bbox 1950 2209 2211 2289; x_wconf 89' lang='lat' dir='ltr'>occidit;</span> <span class='ocrx_word' id='word_1_179' title='bbox 2270 2207 2672 2274; x_wconf 81' lang='lat' dir='ltr'>Isilbertum¹</span> 
     </span>
     <span class='ocr_line' id='line_1_34' title="bbox 417 2293 2672 2379; baseline -0.001 -19"><span class='ocrx_word' id='word_1_180' title='bbox 417 2302 630 2361; x_wconf 88' lang='lat' dir='ltr'>autem</span> <span class='ocrx_word' id='word_1_181' title='bbox 679 2316 826 2360; x_wconf 90' lang='lat' dir='ltr'>cum</span> <span class='ocrx_word' id='word_1_182' title='bbox 870 2293 1222 2359; x_wconf 89' lang='lat' dir='ltr'>*consociis</span> <span class='ocrx_word' id='word_1_183' title='bbox 1266 2295 1333 2358; x_wconf 92' lang='lat' dir='ltr'>in</span> <span class='ocrx_word' id='word_1_184' title='bbox 1379 2294 1555 2359; x_wconf 89' lang='lat' dir='ltr'>Reno</span> <span class='ocrx_word' id='word_1_185' title='bbox 1598 2295 1895 2379; x_wconf 82' lang='lat' dir='ltr'>dimergi¹</span> <span class='ocrx_word' id='word_1_186' title='bbox 1917 2345 1931 2372; x_wconf 88' lang='lat'>‚</span> <span class='ocrx_word' id='word_1_187' title='bbox 1987 2295 2412 2360; x_wconf 76' lang='lat' dir='ltr'>Heinricumm</span> <span class='ocrx_word' id='word_1_188' title='bbox 2455 2300 2672 2360; x_wconf 89' lang='lat' dir='ltr'>autem</span> 
     </span>
     <span class='ocr_line' id='line_1_35' title="bbox 417 2380 2672 2465; baseline -0 -19"><span class='ocrx_word' id='word_1_189' title='bbox 417 2380 587 2465; x_wconf 88' lang='lat' dir='ltr'>regis</span> <span class='ocrx_word' id='word_1_190' title='bbox 649 2381 924 2464; x_wconf 85' lang='lat' dir='ltr'>gratiam</span> <span class='ocrx_word' id='word_1_191' title='bbox 986 2387 1205 2464; x_wconf 84' lang='lat' dir='ltr'>petere</span> <span class='ocrx_word' id='word_1_192' title='bbox 1267 2380 1494 2465; x_wconf 72' lang='lat' dir='ltr'>coegit.</span> <span class='ocrx_word' id='word_1_193' title='bbox 1609 2380 1769 2446; x_wconf 87' lang='lat' dir='ltr'>Post</span> <span class='ocrx_word' id='word_1_194' title='bbox 1834 2381 1995 2446; x_wconf 88' lang='lat' dir='ltr'>haec</span> <span class='ocrx_word' id='word_1_195' title='bbox 2062 2381 2260 2464; x_wconf 86' lang='lat' dir='ltr'>legati</span> <span class='ocrx_word' id='word_1_196' title='bbox 2322 2380 2672 2446; x_wconf 86' lang='lat' dir='ltr'>Grecorum</span> 
     </span>
     <span class='ocr_line' id='line_1_36' title="bbox 420 2465 2675 2553; baseline 0 -20"><span class='ocrx_word' id='word_1_197' title='bbox 420 2468 558 2552; x_wconf 85' lang='lat' dir='ltr'>regi</span> <span class='ocrx_word' id='word_1_198' title='bbox 601 2473 821 2533; x_wconf 89' lang='lat' dir='ltr'>nostro</span> <span class='ocrx_word' id='word_1_199' title='bbox 865 2465 967 2533; x_wconf 92' lang='lat' dir='ltr'>bis</span> <span class='ocrx_word' id='word_1_200' title='bbox 1012 2466 1094 2532; x_wconf 88' lang='lat' dir='ltr'>ab</span> <span class='ocrx_word' id='word_1_201' title='bbox 1139 2467 1522 2553; x_wconf 89' lang='lat' dir='ltr'>imperatore</span> <span class='ocrx_word' id='word_1_202' title='bbox 1570 2466 1730 2534; x_wconf 92' lang='lat' dir='ltr'>suo⁷</span> <span class='ocrx_word' id='word_1_203' title='bbox 1774 2488 2043 2534; x_wconf 88' lang='lat' dir='ltr'>munera</span> <span class='ocrx_word' id='word_1_204' title='bbox 2079 2466 2447 2533; x_wconf 88' lang='lat' dir='ltr'>detulerunt</span> <span class='ocrx_word' id='word_1_205' title='bbox 2481 2467 2675 2533; x_wconf 87' lang='lat' dir='ltr'>utris-</span> 
     </span>
     <span class='ocr_line' id='line_1_37' title="bbox 421 2554 1080 2639; baseline 0 -19"><span class='ocrx_word' id='word_1_206' title='bbox 421 2576 544 2639; x_wconf 88' lang='lat' dir='ltr'>que</span> <span class='ocrx_word' id='word_1_207' title='bbox 592 2554 1080 2639; x_wconf 61' lang='lat' dir='ltr'>convenientia]</span> 
     </span>
    </p>

    <p class='ocr_par' dir='ltr' id='par_1_12' title="bbox 419 2638 2677 2901">
     <span class='ocr_line' id='line_1_38' title="bbox 592 2638 2676 2726; baseline -0.001 -19"><span class='ocrx_word' id='word_1_208' title='bbox 592 2642 694 2709; x_wconf 86' lang='lat'>35.</span> <span class='ocrx_word' id='word_1_209' title='bbox 766 2640 1226 2726; x_wconf 76' lang='lat' dir='ltr'>[Frithericus¹²</span> <span class='ocrx_word' id='word_1_210' title='bbox 1287 2638 1729 2723; x_wconf 83' lang='lat' dir='ltr'>archipresul8</span> <span class='ocrx_word' id='word_1_211' title='bbox 1790 2639 1993 2706; x_wconf 88' lang='lat' dir='ltr'>XVII.</span> <span class='ocrx_word' id='word_1_212' title='bbox 2041 2639 2461 2705; x_wconf 88' lang='lat' dir='ltr'>ordinationis</span> <span class='ocrx_word' id='word_1_213' title='bbox 2521 2660 2676 2705; x_wconf 87' lang='lat' dir='ltr'>suae</span> 
     </span>
     <span class='ocr_line' id='line_1_39' title="bbox 423 2724 2677 2809; baseline 0 -18"><span class='ocrx_word' id='word_1_214' title='bbox 423 2748 612 2807; x_wconf 91' lang='lat' dir='ltr'>anno,</span> <span class='ocrx_word' id='word_1_215' title='bbox 656 2727 773 2791; x_wconf 90' lang='lat' dir='ltr'>vir·</span> <span class='ocrx_word' id='word_1_216' title='bbox 797 2726 1182 2792; x_wconf 88' lang='lat' dir='ltr'>abstemius⁰</span> <span class='ocrx_word' id='word_1_217' title='bbox 1223 2725 1402 2806; x_wconf 91' lang='lat' dir='ltr'>obiit,</span> <span class='ocrx_word' id='word_1_218' title='bbox 1457 2733 1522 2789; x_wconf 91' lang='lat' dir='ltr'>et</span> <span class='ocrx_word' id='word_1_219' title='bbox 1564 2724 2025 2805; x_wconf 80' lang='lat' dir='ltr'>willehelmus,</span> <span class='ocrx_word' id='word_1_220' title='bbox 2081 2726 2162 2791; x_wconf 87' lang='lat' dir='ltr'>de</span> <span class='ocrx_word' id='word_1_221' title='bbox 2204 2731 2408 2791; x_wconf 89' lang='lat' dir='ltr'>matre</span> <span class='ocrx_word' id='word_1_222' title='bbox 2452 2747 2677 2809; x_wconf 90' lang='lat' dir='ltr'>quam-</span> 
     </span>
     <span class='ocr_line' id='line_1_40' title="bbox 419 2810 2675 2901; baseline -0 -23"><span class='ocrx_word' id='word_1_223' title='bbox 419 2814 515 2878; x_wconf 86' lang='lat' dir='ltr'>vis</span> <span class='ocrx_word' id='word_1_224' title='bbox 559 2814 812 2895; x_wconf 85' lang='lat' dir='ltr'>captiva</span> <span class='ocrx_word' id='word_1_225' title='bbox 858 2811 944 2900; x_wconf 93' lang='lat' dir='ltr'>[et</span> <span class='ocrx_word' id='word_1_226' title='bbox 987 2810 1378 2901; x_wconf 84' lang='lat' dir='ltr'>Sclavonica]</span> <span class='ocrx_word' id='word_1_227' title='bbox 1423 2818 1640 2878; x_wconf 86' lang='lat' dir='ltr'>tamen</span> <span class='ocrx_word' id='word_1_228' title='bbox 1684 2811 1883 2878; x_wconf 91' lang='lat' dir='ltr'>nobili</span> <span class='ocrx_word' id='word_1_229' title='bbox 1937 2818 2002 2877; x_wconf 91' lang='lat' dir='ltr'>et</span> <span class='ocrx_word' id='word_1_230' title='bbox 2056 2832 2135 2877; x_wconf 86' lang='lat' dir='ltr'>ex</span> <span class='ocrx_word' id='word_1_231' title='bbox 2186 2832 2335 2896; x_wconf 84' lang='lat' dir='ltr'>rege</span> <span class='ocrx_word' id='word_1_232' title='bbox 2388 2813 2675 2895; x_wconf 90' lang='lat' dir='ltr'>predicto</span> 
     </span>
    </p>
   </div>
   <div class='ocr_carea' id='block_1_11' title="bbox 536 2929 2676 3101">
    <p class='ocr_par' dir='ltr' id='par_1_13' title="bbox 536 2929 2676 3101">
     <span class='ocr_line' id='line_1_41' title="bbox 536 2929 2673 3020; baseline -0.001 -14"><span class='ocrx_word' id='word_1_233' title='bbox 536 2951 591 3020; x_wconf 78' lang='lat'>*)</span> <span class='ocrx_word' id='word_1_234' title='bbox 629 2952 830 3007; x_wconf 76' lang='lat' dir='ltr'>Erasis</span> <span class='ocrx_word' id='word_1_235' title='bbox 877 2929 937 3005; x_wconf 67' lang='lat' dir='ltr'>in</span> <span class='ocrx_word' id='word_1_236' title='bbox 973 2952 1163 3006; x_wconf 82' lang='lat' dir='ltr'>dextro</span> <span class='ocrx_word' id='word_1_237' title='bbox 1196 2952 1445 3020; x_wconf 75' lang='lat' dir='ltr'>maryine</span> <span class='ocrx_word' id='word_1_238' title='bbox 1491 2952 1667 3006; x_wconf 78' lang='lat' dir='ltr'>tribus</span> <span class='ocrx_word' id='word_1_239' title='bbox 1712 2951 1957 3006; x_wconf 76' lang='lat' dir='ltr'>versibus</span> <span class='ocrx_word' id='word_1_240' title='bbox 2004 2953 2065 3005; x_wconf 82' lang='lat' dir='ltr'>in</span> <span class='ocrx_word' id='word_1_241' title='bbox 2111 2950 2367 3019; x_wconf 78' lang='lat' dir='ltr'>inferiore</span> <span class='ocrx_word' id='word_1_242' title='bbox 2416 2934 2543 3006; x_wconf 60' lang='lat' dir='ltr'>add.</span> <span class='ocrx_word' id='word_1_243' title='bbox 2589 2951 2655 3006; x_wconf 88' lang='lat' dir='ltr'><strong><em>N</em></strong></span> <span class='ocrx_word' id='word_1_244' title='bbox 2660 2969 2673 3004; x_wconf 79' lang='lat' dir='ltr'>t</span> 
     </span>
     <span class='ocr_line' id='line_1_42' title="bbox 628 3019 2676 3101; baseline -0.001 -26"><span class='ocrx_word' id='word_1_245' title='bbox 628 3020 733 3075; x_wconf 91' lang='lat' dir='ltr'>Hic</span> <span class='ocrx_word' id='word_1_246' title='bbox 768 3020 826 3073; x_wconf 86' lang='lat' dir='ltr'>in</span> <span class='ocrx_word' id='word_1_247' title='bbox 863 3020 968 3074; x_wconf 87' lang='lat' dir='ltr'>fine</span> <span class='ocrx_word' id='word_1_248' title='bbox 1003 3036 1098 3074; x_wconf 90' lang='lat' dir='ltr'>suo</span> <span class='ocrx_word' id='word_1_249' title='bbox 1137 3021 1343 3101; x_wconf 69' lang='lat' dir='ltr'>gratias</span> <span class='ocrx_word' id='word_1_250' title='bbox 1381 3020 1498 3089; x_wconf 82' lang='lat' dir='ltr'>egit</span> <span class='ocrx_word' id='word_1_251' title='bbox 1532 3020 1663 3083; x_wconf 89' lang='lat' dir='ltr'>Deo,</span> <span class='ocrx_word' id='word_1_252' title='bbox 1716 3019 1855 3090; x_wconf 90' lang='lat' dir='ltr'>quod</span> <span class='ocrx_word' id='word_1_253' title='bbox 1893 3020 2179 3075; x_wconf 81' lang='lat' dir='ltr'>aecclesiae</span> <span class='ocrx_word' id='word_1_254' title='bbox 2215 3020 2415 3074; x_wconf 88' lang='lat' dir='ltr'>suimet</span> <span class='ocrx_word' id='word_1_255' title='bbox 2450 3020 2529 3073; x_wconf 92' lang='lat' dir='ltr'>nil</span> <span class='ocrx_word' id='word_1_256' title='bbox 2562 3036 2676 3073; x_wconf 92' lang='lat' dir='ltr'>um·</span> 
     </span>
    </p>
   </div>
   <div class='ocr_carea' id='block_1_12' title="bbox 498 3088 1851 3226">
    <p class='ocr_par' dir='ltr' id='par_1_14' title="bbox 498 3088 1851 3226">
     <span class='ocr_line' id='line_1_43' title="bbox 629 3088 1851 3213; baseline 0 -70"><span class='ocrx_word' id='word_1_257' title='bbox 629 3106 788 3213; x_wconf 66' lang='lat' dir='ltr'>quam</span> <span class='ocrx_word' id='word_1_258' title='bbox 825 3089 1026 3143; x_wconf 86' lang='lat' dir='ltr'>iniuste</span> <span class='ocrx_word' id='word_1_259' title='bbox 1063 3089 1378 3159; x_wconf 79' lang='lat' dir='ltr'>acquisierit</span> <span class='ocrx_word' id='word_1_260' title='bbox 1411 3106 1502 3143; x_wconf 89' lang='lat' dir='ltr'>seu</span> <span class='ocrx_word' id='word_1_261' title='bbox 1536 3088 1851 3157; x_wconf 87' lang='lat' dir='ltr'>perdiderit.</span> 
     </span>
     <span class='ocr_line' id='line_1_44' title="bbox 498 3158 1005 3226; baseline 0 -13"><span class='ocrx_word' id='word_1_262' title='bbox 498 3160 593 3226; x_wconf 79' lang='grc'>**)</span> <span class='ocrx_word' id='word_1_263' title='bbox 669 3160 726 3213; x_wconf 89' lang='lat' dir='ltr'>iu</span> <span class='ocrx_word' id='word_1_264' title='bbox 763 3158 892 3213; x_wconf 76' lang='lat' dir='ltr'>add.</span> <span class='ocrx_word' id='word_1_265' title='bbox 930 3158 1005 3213; x_wconf 88' lang='lat' dir='ltr'>N.</span> 
     </span>
    </p>
   </div>
   <div class='ocr_carea' id='block_1_13' title="bbox 424 3259 2679 3520">
    <p class='ocr_par' dir='ltr' id='par_1_15' title="bbox 424 3259 2679 3520">
     <span class='ocr_line' id='line_1_45' title="bbox 424 3259 2677 3312; baseline -0.001 -9"><span class='ocrx_word' id='word_1_266' title='bbox 424 3274 451 3303; x_wconf 81' lang='lat' dir='ltr'>s</span> <span class='ocrx_word' id='word_1_267' title='bbox 496 3273 545 3303; x_wconf 80' lang='lat' dir='ltr'>er</span> <span class='ocrx_word' id='word_1_268' title='bbox 572 3273 626 3301; x_wconf 88' lang='lat' dir='ltr'>su</span> <span class='ocrx_word' id='word_1_269' title='bbox 653 3263 701 3302; x_wconf 74' lang='lat' dir='ltr'>in</span> <span class='ocrx_word' id='word_1_270' title='bbox 726 3264 814 3301; x_wconf 78' lang='lat' dir='ltr'>loco</span> <span class='ocrx_word' id='word_1_271' title='bbox 839 3272 938 3301; x_wconf 77' lang='lat' dir='ltr'>raso</span> <span class='ocrx_word' id='word_1_272' title='bbox 961 3261 1069 3301; x_wconf 81' lang='lat' dir='ltr'>add.</span> <span class='ocrx_word' id='word_1_273' title='bbox 1087 3261 1274 3309; x_wconf 73' lang='lat' dir='ltr'>sor-taus</span> <span class='ocrx_word' id='word_1_274' title='bbox 1295 3261 1351 3309; x_wconf 74' lang='lat'>2&#39;3</span> <span class='ocrx_word' id='word_1_275' title='bbox 1387 3261 1534 3300; x_wconf 83' lang='lat' dir='ltr'>brev1t</span> <span class='ocrx_word' id='word_1_276' title='bbox 1566 3286 1579 3299; x_wconf 89' lang='lat'><strong><em>.</em></strong></span> <span class='ocrx_word' id='word_1_277' title='bbox 1598 3285 1611 3300; x_wconf 89' lang='lat'><strong><em>.</em></strong></span> <span class='ocrx_word' id='word_1_278' title='bbox 1635 3288 1646 3300; x_wconf 94' lang='lat'><strong><em>.</em></strong></span> <span class='ocrx_word' id='word_1_279' title='bbox 1667 3286 1681 3300; x_wconf 95' lang='lat'><strong><em>.</em></strong></span> <span class='ocrx_word' id='word_1_280' title='bbox 1708 3289 1716 3299; x_wconf 94' lang='lat'><strong><em>.</em></strong></span> <span class='ocrx_word' id='word_1_281' title='bbox 1744 3260 1879 3311; x_wconf 61' lang='lat' dir='ltr'>§dieti</span> <span class='ocrx_word' id='word_1_282' title='bbox 1905 3260 1958 3302; x_wconf 80' lang='grc' dir='ltr'><strong>Δ.</strong></span> <span class='ocrx_word' id='word_1_283' title='bbox 2079 3260 2127 3312; x_wconf 83' lang='lat' dir='ltr'>b)</span> <span class='ocrx_word' id='word_1_284' title='bbox 2152 3262 2200 3301; x_wconf 69' lang='lat' dir='ltr'>in</span> <span class='ocrx_word' id='word_1_285' title='bbox 2226 3262 2313 3300; x_wconf 82' lang='lat' dir='ltr'>loco</span> <span class='ocrx_word' id='word_1_286' title='bbox 2338 3271 2470 3301; x_wconf 72' lang='lat' dir='ltr'>vacuo</span> <span class='ocrx_word' id='word_1_287' title='bbox 2495 3259 2596 3301; x_wconf 78' lang='lat' dir='ltr'>add.</span> <span class='ocrx_word' id='word_1_288' title='bbox 2626 3262 2677 3301; x_wconf 82' lang='lat' dir='ltr'><strong><em>T.</em></strong></span> 
     </span>
     <span class='ocr_line' id='line_1_46' title="bbox 424 3310 2675 3363; baseline -0.001 -8"><span class='ocrx_word' id='word_1_289' title='bbox 424 3327 449 3355; x_wconf 90' lang='lat' dir='ltr'>c</span> <span class='ocrx_word' id='word_1_290' title='bbox 497 3314 725 3355; x_wconf 74' lang='lat' dir='ltr'>secundum</span> <span class='ocrx_word' id='word_1_291' title='bbox 751 3314 766 3352; x_wconf 74' lang='lat' dir='ltr'>i</span> <span class='ocrx_word' id='word_1_292' title='bbox 793 3324 972 3353; x_wconf 64' lang='lat' dir='ltr'>nasum.</span> <span class='ocrx_word' id='word_1_293' title='bbox 1079 3312 1122 3359; x_wconf 90' lang='lat' dir='ltr'>d)</span> <span class='ocrx_word' id='word_1_294' title='bbox 1147 3310 1439 3351; x_wconf 70' lang='lat' dir='ltr'>Thai-inuiam</span> <span class='ocrx_word' id='word_1_295' title='bbox 1457 3312 1507 3361; x_wconf 76' lang='lat' dir='ltr'>A,</span> <span class='ocrx_word' id='word_1_296' title='bbox 1535 3322 1643 3353; x_wconf 73' lang='lat' dir='ltr'>corr.</span> <span class='ocrx_word' id='word_1_297' title='bbox 1672 3313 1719 3352; x_wconf 87' lang='lat' dir='ltr'>V.</span> <span class='ocrx_word' id='word_1_298' title='bbox 1825 3313 1870 3363; x_wconf 83' lang='lat' dir='ltr'>e)</span> <span class='ocrx_word' id='word_1_299' title='bbox 1900 3315 1962 3353; x_wconf 78' lang='lat' dir='ltr'>ita</span> <span class='ocrx_word' id='word_1_300' title='bbox 1986 3315 2027 3353; x_wconf 77' lang='lat'><strong><em>2.</em></strong></span> <span class='ocrx_word' id='word_1_301' title='bbox 2075 3314 2129 3353; x_wconf 77' lang='lat' dir='ltr'>In</span> <span class='ocrx_word' id='word_1_302' title='bbox 2157 3315 2195 3353; x_wconf 84' lang='lat'><strong><em>1.</em></strong></span> <span class='ocrx_word' id='word_1_303' title='bbox 2225 3312 2328 3353; x_wconf 73' lang='lat' dir='ltr'>haec</span> <span class='ocrx_word' id='word_1_304' title='bbox 2353 3324 2433 3351; x_wconf 69' lang='lat' dir='ltr'>vox</span> <span class='ocrx_word' id='word_1_305' title='bbox 2454 3323 2576 3352; x_wconf 73' lang='lat' dir='ltr'>erasa</span> <span class='ocrx_word' id='word_1_306' title='bbox 2604 3314 2675 3352; x_wconf 74' lang='lat' dir='ltr'>ut.</span> 
     </span>
     <span class='ocr_line' id='line_1_47' title="bbox 426 3362 2678 3416; baseline -0.002 -8"><span class='ocrx_word' id='word_1_307' title='bbox 426 3368 464 3416; x_wconf 78' lang='lat' dir='ltr'>f)</span> <span class='ocrx_word' id='word_1_308' title='bbox 493 3366 735 3408; x_wconf 78' lang='lat' dir='ltr'>enei-harde</span> <span class='ocrx_word' id='word_1_309' title='bbox 761 3376 869 3405; x_wconf 77' lang='lat' dir='ltr'>corr.</span> <span class='ocrx_word' id='word_1_310' title='bbox 900 3365 946 3404; x_wconf 92' lang='lat' dir='ltr'><strong><em>V.</em></strong></span> <span class='ocrx_word' id='word_1_311' title='bbox 1061 3362 1106 3415; x_wconf 81' lang='lat' dir='ltr'>g)</span> <span class='ocrx_word' id='word_1_312' title='bbox 1131 3363 1294 3403; x_wconf 76' lang='lat' dir='ltr'>domito</span> <span class='ocrx_word' id='word_1_313' title='bbox 1319 3364 1372 3404; x_wconf 81' lang='grc' dir='ltr'><strong>Δ.</strong></span> <span class='ocrx_word' id='word_1_314' title='bbox 1487 3364 1536 3416; x_wconf 79' lang='lat' dir='ltr'>h)</span> <span class='ocrx_word' id='word_1_315' title='bbox 1564 3363 1717 3405; x_wconf 75' lang='lat' dir='ltr'>sueth.</span> <span class='ocrx_word' id='word_1_316' title='bbox 1745 3376 1853 3405; x_wconf 77' lang='lat' dir='ltr'>corr.</span> <span class='ocrx_word' id='word_1_317' title='bbox 1884 3364 1927 3405; x_wconf 88' lang='lat' dir='ltr'><strong><em>V.</em></strong></span> <span class='ocrx_word' id='word_1_318' title='bbox 2033 3362 2069 3411; x_wconf 79' lang='grc' dir='ltr'>ί)</span> <span class='ocrx_word' id='word_1_319' title='bbox 2096 3364 2248 3413; x_wconf 65' lang='lat' dir='ltr'>sisini.</span> <span class='ocrx_word' id='word_1_320' title='bbox 2279 3375 2387 3404; x_wconf 80' lang='lat' dir='ltr'>corr.</span> <span class='ocrx_word' id='word_1_321' title='bbox 2419 3365 2467 3415; x_wconf 87' lang='lat' dir='ltr'>V;</span> <span class='ocrx_word' id='word_1_322' title='bbox 2494 3365 2555 3415; x_wconf 81' lang='lat' dir='ltr'>es.</span> <span class='ocrx_word' id='word_1_323' title='bbox 2575 3364 2611 3411; x_wconf 90' lang='lat'>1,</span> <span class='ocrx_word' id='word_1_324' title='bbox 2636 3366 2678 3404; x_wconf 79' lang='lat'><strong><em>6.</em></strong></span> 
     </span>
     <span class='ocr_line' id='line_1_48' title="bbox 425 3415 2679 3471; baseline -0.002 -11"><span class='ocrx_word' id='word_1_325' title='bbox 425 3418 478 3471; x_wconf 80' lang='lat' dir='ltr'>k)</span> <span class='ocrx_word' id='word_1_326' title='bbox 503 3419 854 3466; x_wconf 73' lang='lat' dir='ltr'>lutharingorum</span> <span class='ocrx_word' id='word_1_327' title='bbox 871 3416 924 3456; x_wconf 77' lang='lat' dir='ltr'><strong><em>A.</em></strong></span> <span class='ocrx_word' id='word_1_328' title='bbox 1028 3415 1064 3467; x_wconf 79' lang='lat'>1)</span> <span class='ocrx_word' id='word_1_329' title='bbox 1090 3415 1297 3465; x_wconf 78' lang='lat' dir='ltr'>dimergit</span> <span class='ocrx_word' id='word_1_330' title='bbox 1322 3427 1428 3457; x_wconf 79' lang='lat' dir='ltr'>corr.</span> <span class='ocrx_word' id='word_1_331' title='bbox 1460 3416 1504 3456; x_wconf 91' lang='lat' dir='ltr'><strong><em>V.</em></strong></span> <span class='ocrx_word' id='word_1_332' title='bbox 1623 3415 1685 3467; x_wconf 87' lang='lat' dir='ltr'>m)</span> <span class='ocrx_word' id='word_1_333' title='bbox 1710 3416 1923 3458; x_wconf 72' lang='lat' dir='ltr'>noricum</span> <span class='ocrx_word' id='word_1_334' title='bbox 1949 3416 1985 3457; x_wconf 77' lang='lat' dir='ltr'><em>A</em></span> <span class='ocrx_word' id='word_1_335' title='bbox 1992 3429 2005 3467; x_wconf 83' lang='lat'><em>3</em></span> <span class='ocrx_word' id='word_1_336' title='bbox 2034 3416 2278 3457; x_wconf 79' lang='lat' dir='ltr'>Hem-icum</span> <span class='ocrx_word' id='word_1_337' title='bbox 2306 3415 2352 3457; x_wconf 88' lang='lat' dir='ltr'>V.</span> <span class='ocrx_word' id='word_1_338' title='bbox 2457 3416 2505 3466; x_wconf 85' lang='lat' dir='ltr'>n)</span> <span class='ocrx_word' id='word_1_339' title='bbox 2530 3415 2679 3455; x_wconf 78' lang='lat' dir='ltr'>Frlde·</span> 
     </span>
     <span class='ocr_line' id='line_1_49' title="bbox 424 3468 1270 3520; baseline -0.006 -8"><span class='ocrx_word' id='word_1_340' title='bbox 424 3472 549 3513; x_wconf 76' lang='lat' dir='ltr'>ricus</span> <span class='ocrx_word' id='word_1_341' title='bbox 577 3471 621 3511; x_wconf 90' lang='lat' dir='ltr'><strong><em>V.</em></strong></span> <span class='ocrx_word' id='word_1_342' title='bbox 727 3468 772 3520; x_wconf 91' lang='lat' dir='ltr'>o)</span> <span class='ocrx_word' id='word_1_343' title='bbox 796 3469 1202 3509; x_wconf 70' lang='lat' dir='ltr'>abstinentissimus</span> <span class='ocrx_word' id='word_1_344' title='bbox 1228 3470 1270 3508; x_wconf 82' lang='lat'><strong><em>2.</em></strong></span> 
     </span>
    </p>
   </div>
   <div class='ocr_carea' id='block_1_14' title="bbox 423 3572 2689 4527">
    <p class='ocr_par' dir='ltr' id='par_1_16' title="bbox 423 3572 2689 4527">
     <span class='ocr_line' id='line_1_50' title="bbox 428 3572 2679 3642; baseline -0.003 -12"><span class='ocrx_word' id='word_1_345' title='bbox 428 3574 478 3641; x_wconf 93' lang='lat'>1)</span> <span class='ocrx_word' id='word_1_346' title='bbox 516 3574 574 3630; x_wconf 86' lang='lat' dir='ltr'><strong><em>C.</em></strong></span> <span class='ocrx_word' id='word_1_347' title='bbox 602 3573 807 3629; x_wconf 80' lang='lat'>34—42</span> <span class='ocrx_word' id='word_1_348' title='bbox 842 3574 901 3627; x_wconf 76' lang='lat' dir='ltr'>in</span> <span class='ocrx_word' id='word_1_349' title='bbox 936 3588 1046 3627; x_wconf 80' lang='lat' dir='ltr'>uno</span> <span class='ocrx_word' id='word_1_350' title='bbox 1068 3572 1344 3640; x_wconf 70' lang='lat' dir='ltr'>fasciculo</span> <span class='ocrx_word' id='word_1_351' title='bbox 1365 3573 1706 3641; x_wconf 76' lang='lat' dir='ltr'>postmodum</span> <span class='ocrx_word' id='word_1_352' title='bbox 1734 3574 1933 3628; x_wconf 77' lang='lat' dir='ltr'>inserto</span> <span class='ocrx_word' id='word_1_353' title='bbox 1961 3574 2232 3641; x_wconf 62' lang='lat' dir='ltr'>leguntur,</span> <span class='ocrx_word' id='word_1_354' title='bbox 2270 3578 2433 3642; x_wconf 77' lang='lat' dir='ltr'>atque</span> <span class='ocrx_word' id='word_1_355' title='bbox 2456 3586 2595 3639; x_wconf 78' lang='lat' dir='ltr'>quae</span> <span class='ocrx_word' id='word_1_356' title='bbox 2619 3572 2679 3624; x_wconf 78' lang='lat' dir='ltr'>in</span> 
     </span>
     <span class='ocr_line' id='line_1_51' title="bbox 427 3640 2678 3709; baseline -0.003 -10"><span class='ocrx_word' id='word_1_357' title='bbox 427 3662 471 3699; x_wconf 85' lang='lat' dir='ltr'>c.</span> <span class='ocrx_word' id='word_1_358' title='bbox 499 3644 568 3699; x_wconf 84' lang='lat'>34</span> <span class='ocrx_word' id='word_1_359' title='bbox 603 3648 654 3698; x_wconf 80' lang='lat' dir='ltr'>et</span> <span class='ocrx_word' id='word_1_360' title='bbox 687 3641 756 3697; x_wconf 84' lang='lat'>35</span> <span class='ocrx_word' id='word_1_361' title='bbox 788 3649 1109 3706; x_wconf 78' lang='lat' dir='ltr'>narrantur,</span> <span class='ocrx_word' id='word_1_362' title='bbox 1146 3642 1332 3697; x_wconf 80' lang='lat' dir='ltr'>omnia</span> <span class='ocrx_word' id='word_1_363' title='bbox 1367 3657 1431 3695; x_wconf 76' lang='lat' dir='ltr'>ex</span> <span class='ocrx_word' id='word_1_364' title='bbox 1466 3642 1613 3696; x_wconf 77' lang='lat' dir='ltr'>Ann-</span> <span class='ocrx_word' id='word_1_365' title='bbox 1654 3642 1937 3705; x_wconf 71' lang='lat' dir='ltr'>Quodlinb.</span> <span class='ocrx_word' id='word_1_366' title='bbox 1966 3642 2141 3709; x_wconf 79' lang='lat' dir='ltr'>petita</span> <span class='ocrx_word' id='word_1_367' title='bbox 2175 3646 2319 3695; x_wconf 77' lang='lat' dir='ltr'>sunt.</span> <span class='ocrx_word' id='word_1_368' title='bbox 2458 3640 2512 3705; x_wconf 84' lang='lat'>2)</span> <span class='ocrx_word' id='word_1_369' title='bbox 2552 3640 2678 3693; x_wconf 86' lang='lat' dir='ltr'>Ma-</span> 
     </span>
     <span class='ocr_line' id='line_1_52' title="bbox 423 3708 2681 3783; baseline -0.003 -15"><span class='ocrx_word' id='word_1_370' title='bbox 423 3712 697 3783; x_wconf 70' lang='lat' dir='ltr'>yontinm,</span> <span class='ocrx_word' id='word_1_371' title='bbox 742 3726 790 3764; x_wconf 84' lang='lat' dir='ltr'><strong><em>v.</em></strong></span> <span class='ocrx_word' id='word_1_372' title='bbox 821 3726 997 3779; x_wconf 79' lang='lat' dir='ltr'>supra</span> <span class='ocrx_word' id='word_1_373' title='bbox 1023 3713 1108 3774; x_wconf 93' lang='grc' dir='ltr'>ΙΙ,</span> <span class='ocrx_word' id='word_1_374' title='bbox 1147 3711 1195 3763; x_wconf 88' lang='grc'><strong>1.</strong></span> <span class='ocrx_word' id='word_1_375' title='bbox 1335 3708 1389 3772; x_wconf 87' lang='lat'>3)</span> <span class='ocrx_word' id='word_1_376' title='bbox 1433 3711 1526 3765; x_wconf 75' lang='lat' dir='ltr'>Ea:</span> <span class='ocrx_word' id='word_1_377' title='bbox 1564 3712 1725 3765; x_wconf 85' lang='lat' dir='ltr'>Necr.</span> <span class='ocrx_word' id='word_1_378' title='bbox 1767 3711 1998 3765; x_wconf 80' lang='lat' dir='ltr'>Merseb.</span> <span class='ocrx_word' id='word_1_379' title='bbox 2127 3709 2201 3777; x_wconf 87' lang='lat'>4).</span> <span class='ocrx_word' id='word_1_380' title='bbox 2224 3710 2585 3777; x_wconf 75' lang='lat' dir='ltr'>Wi9mamms</span> <span class='ocrx_word' id='word_1_381' title='bbox 2611 3711 2681 3774; x_wconf 91' lang='lat' dir='ltr'><strong><em>I.,</em></strong></span> 
     </span>
     <span class='ocr_line' id='line_1_53' title="bbox 428 3778 2681 3845; baseline -0.002 -8"><span class='ocrx_word' id='word_1_382' title='bbox 428 3784 603 3845; x_wconf 74' lang='lat' dir='ltr'>frater</span> <span class='ocrx_word' id='word_1_383' title='bbox 619 3780 956 3835; x_wconf 55' lang='lat' dir='ltr'>Hei-imaum</span> <span class='ocrx_word' id='word_1_384' title='bbox 979 3780 1138 3833; x_wconf 79' lang='lat' dir='ltr'>ducis</span> <span class='ocrx_word' id='word_1_385' title='bbox 1158 3778 1450 3845; x_wconf 75' lang='lat' dir='ltr'>Saxoniae,</span> <span class='ocrx_word' id='word_1_386' title='bbox 1477 3778 1515 3841; x_wconf 90' lang='lat'>†</span> <span class='ocrx_word' id='word_1_387' title='bbox 1533 3778 1636 3832; x_wconf 87' lang='grc'>944</span> <span class='ocrx_word' id='word_1_388' title='bbox 1662 3778 1834 3840; x_wconf 72' lang='lat' dir='ltr'><strong><em>(Am.</em></strong></span> <span class='ocrx_word' id='word_1_389' title='bbox 1861 3796 2005 3835; x_wconf 70' lang='grc' dir='ltr'><strong>ποετ.</strong></span> <span class='ocrx_word' id='word_1_390' title='bbox 2034 3779 2263 3844; x_wconf 69' lang='lat' dir='ltr'>Fam.),·</span> <span class='ocrx_word' id='word_1_391' title='bbox 2290 3794 2431 3845; x_wconf 79' lang='lat' dir='ltr'>quae</span> <span class='ocrx_word' id='word_1_392' title='bbox 2456 3779 2517 3832; x_wconf 78' lang='lat' dir='ltr'>in</span> <span class='ocrx_word' id='word_1_393' title='bbox 2536 3782 2681 3832; x_wconf 66' lang='lat' dir='ltr'>Arm.</span> 
     </span>
     <span class='ocr_line' id='line_1_54' title="bbox 431 3848 2684 3916; baseline -0.001 -11"><span class='ocrx_word' id='word_1_394' title='bbox 431 3850 619 3916; x_wconf 78' lang='lat' dir='ltr'>Quedl.</span> <span class='ocrx_word' id='word_1_395' title='bbox 671 3850 772 3905; x_wconf 78' lang='lat' dir='ltr'>sub</span> <span class='ocrx_word' id='word_1_396' title='bbox 822 3867 876 3903; x_wconf 86' lang='lat' dir='ltr'>a.</span> <span class='ocrx_word' id='word_1_397' title='bbox 925 3849 1027 3904; x_wconf 85' lang='lat'>937</span> <span class='ocrx_word' id='word_1_398' title='bbox 1073 3855 1309 3903; x_wconf 76' lang='lat' dir='ltr'>narrata</span> <span class='ocrx_word' id='word_1_399' title='bbox 1356 3848 1675 3903; x_wconf 74' lang='lat' dir='ltr'>acciderunt</span> <span class='ocrx_word' id='word_1_400' title='bbox 1721 3865 1772 3902; x_wconf 87' lang='lat' dir='ltr'>a.</span> <span class='ocrx_word' id='word_1_401' title='bbox 1822 3848 1939 3904; x_wconf 83' lang='lat'><strong><em>938.</em></strong></span> <span class='ocrx_word' id='word_1_402' title='bbox 2020 3850 2308 3903; x_wconf 72' lang='lat' dir='ltr'>Dilmmler</span> <span class='ocrx_word' id='word_1_403' title='bbox 2350 3864 2410 3916; x_wconf 78' lang='lat' dir='ltr'>p.</span> <span class='ocrx_word' id='word_1_404' title='bbox 2443 3848 2684 3902; x_wconf 79' lang='lat'><strong><em>72-76.</em></strong></span> 
     </span>
     <span class='ocr_line' id='line_1_55' title="bbox 426 3914 2684 3987; baseline -0.003 -11"><span class='ocrx_word' id='word_1_405' title='bbox 426 3920 481 3987; x_wconf 87' lang='lat'>5)</span> <span class='ocrx_word' id='word_1_406' title='bbox 511 3919 854 3985; x_wconf 72' lang='lat' dir='ltr'>Gisilbertus,</span> <span class='ocrx_word' id='word_1_407' title='bbox 881 3918 1030 3983; x_wconf 70' lang='lat' dir='ltr'>filius</span> <span class='ocrx_word' id='word_1_408' title='bbox 1059 3917 1400 3985; x_wconf 73' lang='lat' dir='ltr'>Reyinhan&#39;i,</span> <span class='ocrx_word' id='word_1_409' title='bbox 1427 3917 1541 3971; x_wconf 77' lang='lat' dir='ltr'>dux</span> <span class='ocrx_word' id='word_1_410' title='bbox 1567 3918 1958 3985; x_wconf 72' lang='lat' dir='ltr'>Lotharinyiae</span> <span class='ocrx_word' id='word_1_411' title='bbox 1983 3918 2273 3972; x_wconf 84' lang='lat'><strong><em>915—939.</em></strong></span> <span class='ocrx_word' id='word_1_412' title='bbox 2412 3914 2466 3981; x_wconf 89' lang='lat'>6)</span> <span class='ocrx_word' id='word_1_413' title='bbox 2495 3916 2684 3970; x_wconf 78' lang='lat' dir='ltr'>Filius</span> 
     </span>
     <span class='ocr_line' id='line_1_56' title="bbox 429 3983 2682 4056; baseline -0.003 -12"><span class='ocrx_word' id='word_1_414' title='bbox 429 3987 740 4045; x_wconf 76' lang='lat' dir='ltr'>Gebehardi</span> <span class='ocrx_word' id='word_1_415' title='bbox 779 3988 991 4042; x_wconf 81' lang='lat' dir='ltr'>comitis</span> <span class='ocrx_word' id='word_1_416' title='bbox 1036 3988 1139 4041; x_wconf 88' lang='lat'>910</span> <span class='ocrx_word' id='word_1_417' title='bbox 1184 3987 1256 4041; x_wconf 83' lang='lat' dir='ltr'>ab</span> <span class='ocrx_word' id='word_1_418' title='bbox 1293 3986 1503 4054; x_wconf 72' lang='lat' dir='ltr'>Unyan‘</span> <span class='ocrx_word' id='word_1_419' title='bbox 1533 3987 1711 4049; x_wconf 78' lang='lat' dir='ltr'>occisi,</span> <span class='ocrx_word' id='word_1_420' title='bbox 1747 3988 1843 4056; x_wconf 77' lang='lat' dir='ltr'>qui</span> <span class='ocrx_word' id='word_1_421' title='bbox 1872 3994 2107 4054; x_wconf 77' lang='lat' dir='ltr'>patruus</span> <span class='ocrx_word' id='word_1_422' title='bbox 2134 3984 2451 4041; x_wconf 59' lang='lat' dir='ltr'>Ehem-hardi</span> <span class='ocrx_word' id='word_1_423' title='bbox 2481 3983 2682 4051; x_wconf 75' lang='lat' dir='ltr'>fuerat,</span> 
     </span>
     <span class='ocr_line' id='line_1_57' title="bbox 426 4053 2680 4126; baseline -0.003 -14"><span class='ocrx_word' id='word_1_424' title='bbox 426 4060 604 4126; x_wconf 73' lang='lat' dir='ltr'>frater</span> <span class='ocrx_word' id='word_1_425' title='bbox 636 4056 964 4111; x_wconf 76' lang='lat' dir='ltr'>Herimanni</span> <span class='ocrx_word' id='word_1_426' title='bbox 988 4056 1037 4109; x_wconf 89' lang='lat' dir='ltr'><strong><em>I.</em></strong></span> <span class='ocrx_word' id='word_1_427' title='bbox 1078 4056 1237 4110; x_wconf 78' lang='lat' dir='ltr'>ducis</span> <span class='ocrx_word' id='word_1_428' title='bbox 1262 4056 1623 4111; x_wconf 78' lang='lat' dir='ltr'>Alemanniae</span> <span class='ocrx_word' id='word_1_429' title='bbox 1652 4054 1984 4122; x_wconf 81' lang='grc'><strong>(926-949),</strong></span> <span class='ocrx_word' id='word_1_430' title='bbox 2010 4070 2185 4109; x_wconf 79' lang='lat' dir='ltr'>eomes</span> <span class='ocrx_word' id='word_1_431' title='bbox 2214 4055 2325 4108; x_wconf 78' lang='lat' dir='ltr'>sive</span> <span class='ocrx_word' id='word_1_432' title='bbox 2352 4054 2469 4107; x_wconf 75' lang='lat' dir='ltr'>dux</span> <span class='ocrx_word' id='word_1_433' title='bbox 2496 4053 2680 4106; x_wconf 79' lang='lat' dir='ltr'>Fran-</span> 
     </span>
     <span class='ocr_line' id='line_1_58' title="bbox 428 4119 2681 4192; baseline -0.003 -10"><span class='ocrx_word' id='word_1_434' title='bbox 428 4128 544 4182; x_wconf 71' lang='lat' dir='ltr'>ciac</span> <span class='ocrx_word' id='word_1_435' title='bbox 579 4126 860 4179; x_wconf 76' lang='lat' dir='ltr'>orientalis</span> <span class='ocrx_word' id='word_1_436' title='bbox 897 4123 1097 4190; x_wconf 77' lang='grc'><strong>(939-</strong></span> <span class='ocrx_word' id='word_1_437' title='bbox 1118 4125 1266 4191; x_wconf 85' lang='lat'>949):</span> <span class='ocrx_word' id='word_1_438' title='bbox 1315 4125 1389 4191; x_wconf 79' lang='lat' dir='ltr'>cf.</span> <span class='ocrx_word' id='word_1_439' title='bbox 1426 4125 1711 4179; x_wconf 65' lang='lat' dir='ltr'>Dammler</span> <span class='ocrx_word' id='word_1_440' title='bbox 1742 4142 1796 4192; x_wconf 82' lang='lat' dir='ltr'>p.</span> <span class='ocrx_word' id='word_1_441' title='bbox 1837 4123 2149 4178; x_wconf 78' lang='lat'>175—-176,</span> <span class='ocrx_word' id='word_1_442' title='bbox 2198 4122 2421 4189; x_wconf 68' lang='lat' dir='ltr'>Hir-sch,</span> <span class='ocrx_word' id='word_1_443' title='bbox 2469 4119 2681 4175; x_wconf 68' lang='lat' dir='ltr'>‘Jahn-b.</span> 
     </span>
     <span class='ocr_line' id='line_1_59' title="bbox 431 4184 2683 4261; baseline -0.003 -12"><span class='ocrx_word' id='word_1_444' title='bbox 431 4194 621 4249; x_wconf 76' lang='lat' dir='ltr'>Heinr.</span> <span class='ocrx_word' id='word_1_445' title='bbox 650 4184 755 4249; x_wconf 70' lang='lat' dir='ltr'>II!</span> <span class='ocrx_word' id='word_1_446' title='bbox 801 4196 888 4258; x_wconf 92' lang='grc' dir='ltr'>ΙΙ,</span> <span class='ocrx_word' id='word_1_447' title='bbox 925 4195 992 4249; x_wconf 77' lang='grc'>22</span> <span class='ocrx_word' id='word_1_448' title='bbox 1021 4210 1114 4261; x_wconf 79' lang='lat' dir='ltr'>sq..</span> <span class='ocrx_word' id='word_1_449' title='bbox 1151 4194 1431 4261; x_wconf 79' lang='lat' dir='ltr'>Bresslau,</span> <span class='ocrx_word' id='word_1_450' title='bbox 1479 4192 1909 4261; x_wconf 72' lang='lat' dir='ltr'>‘Forschunyen’</span> <span class='ocrx_word' id='word_1_451' title='bbox 1950 4192 2127 4256; x_wconf 87' lang='lat' dir='ltr'><strong><em>XIII,</em></strong></span> <span class='ocrx_word' id='word_1_452' title='bbox 2176 4190 2486 4245; x_wconf 86' lang='lat'><strong><em>106—110.</em></strong></span> <span class='ocrx_word' id='word_1_453' title='bbox 2566 4189 2683 4243; x_wconf 83' lang='lat' dir='ltr'>Udo</span> 
     </span>
     <span class='ocr_line' id='line_1_60' title="bbox 423 4259 2689 4333; baseline -0.002 -15"><span class='ocrx_word' id='word_1_454' title='bbox 423 4279 669 4333; x_wconf 74' lang='lat' dir='ltr'>proavus</span> <span class='ocrx_word' id='word_1_455' title='bbox 700 4263 995 4319; x_wconf 73' lang='lat' dir='ltr'>&#39;shietmari</span> <span class='ocrx_word' id='word_1_456' title='bbox 1016 4263 1257 4318; x_wconf 79' lang='lat' dir='ltr'>auctoris</span> <span class='ocrx_word' id='word_1_457' title='bbox 1267 4264 1406 4329; x_wconf 77' lang='lat' dir='ltr'>suit,</span> <span class='ocrx_word' id='word_1_458' title='bbox 1434 4263 1694 4331; x_wconf 74' lang='lat' dir='ltr'>siquidem</span> <span class='ocrx_word' id='word_1_459' title='bbox 1714 4262 1841 4330; x_wconf 79' lang='lat' dir='ltr'>filia</span> <span class='ocrx_word' id='word_1_460' title='bbox 1868 4262 1985 4315; x_wconf 79' lang='lat' dir='ltr'>eius</span> <span class='ocrx_word' id='word_1_461' title='bbox 2008 4260 2199 4314; x_wconf 69' lang='lat' dir='ltr'>Iudith</span> <span class='ocrx_word' id='word_1_462' title='bbox 2218 4259 2478 4313; x_wconf 78' lang='lat' dir='ltr'>Heinrico</span> <span class='ocrx_word' id='word_1_463' title='bbox 2504 4259 2689 4313; x_wconf 74' lang='lat' dir='ltr'>comiti</span> 
     </span>
     <span class='ocr_line' id='line_1_61' title="bbox 430 4326 2682 4402; baseline -0.004 -13"><span class='ocrx_word' id='word_1_464' title='bbox 430 4333 692 4389; x_wconf 68' lang='lat' dir='ltr'>Stadenm·</span> <span class='ocrx_word' id='word_1_465' title='bbox 737 4334 1000 4388; x_wconf 78' lang='lat' dir='ltr'>collocata</span> <span class='ocrx_word' id='word_1_466' title='bbox 1048 4331 1447 4402; x_wconf 71' lang='lat' dir='ltr'>Kum‘ytmdam</span> <span class='ocrx_word' id='word_1_467' title='bbox 1475 4332 1692 4399; x_wconf 76' lang='lat' dir='ltr'>peperit</span> <span class='ocrx_word' id='word_1_468' title='bbox 1726 4336 1949 4385; x_wconf 76' lang='lat' dir='ltr'>matrem</span> <span class='ocrx_word' id='word_1_469' title='bbox 1986 4328 2294 4382; x_wconf 66' lang='lat' dir='ltr'>stietmari.</span> <span class='ocrx_word' id='word_1_470' title='bbox 2446 4327 2501 4393; x_wconf 87' lang='lat'>7)</span> <span class='ocrx_word' id='word_1_471' title='bbox 2547 4326 2682 4382; x_wconf 78' lang='lat' dir='ltr'>Con-</span> 
     </span>
     <span class='ocr_line' id='line_1_62' title="bbox 431 4397 2682 4526; baseline -0.004 -68"><span class='ocrx_word' id='word_1_472' title='bbox 431 4402 892 4526; x_wconf 41' lang='grc' dir='ltr'>εῑιιινιενῑνςιδιὲ71719154</span> <span class='ocrx_word' id='word_1_473' title='bbox 906 4402 1370 4471; x_wconf 69' lang='lat' dir='ltr'>Porphyroyenito</span> <span class='ocrx_word' id='word_1_474' title='bbox 1405 4399 1697 4454; x_wconf 83' lang='lat'><strong><em>911—959.</em></strong></span> <span class='ocrx_word' id='word_1_475' title='bbox 1853 4399 1907 4463; x_wconf 88' lang='grc'>8)</span> <span class='ocrx_word' id='word_1_476' title='bbox 1955 4397 2412 4465; x_wconf 69' lang='lat' dir='ltr'>Archiepiscopus</span> <span class='ocrx_word' id='word_1_477' title='bbox 2449 4397 2682 4463; x_wconf 62' lang='grc' dir='ltr'><strong><em>Μαρανι-</em></strong></span> 
     </span>
     <span class='ocr_line' id='line_1_63' title="bbox 431 4473 908 4527; baseline -0.008 0"><span class='ocrx_word' id='word_1_478' title='bbox 431 4473 580 4527; x_wconf 74' lang='lat' dir='ltr'>tinus</span> <span class='ocrx_word' id='word_1_479' title='bbox 653 4476 664 4491; x_wconf 84' lang='lat'><em>⁰</em></span> <span class='ocrx_word' id='word_1_480' title='bbox 719 4499 787 4508; x_wconf 91' lang='lat'><strong>—</strong></span> <span class='ocrx_word' id='word_1_481' title='bbox 897 4511 908 4523; x_wconf 94' lang='lat'><strong><em>.</em></strong></span> 
     </span>
    </p>
   </div>
   <div class='ocr_carea' id='block_1_15' title="bbox 1475 745 2921 831">
    <p class='ocr_par' dir='ltr' id='par_1_17' title="bbox 1475 745 2921 831">
     <span class='ocr_line' id='line_1_64' title="bbox 1475 745 2921 831; baseline -0.001 -22"><span class='ocrx_word' id='word_1_482' title='bbox 1475 745 1758 811; x_wconf 83' lang='lat' dir='ltr'>breviter</span> <span class='ocrx_word' id='word_1_483' title='bbox 1810 745 2203 829; x_wconf 75' lang='lat' dir='ltr'>supradicti·</span> <span class='ocrx_word' id='word_1_484' title='bbox 2257 745 2663 831; x_wconf 88' lang='lat' dir='ltr'>imperatoris</span> <span class='ocrx_word' id='word_1_485' title='bbox 2690 764 2712 788; x_wconf 86' lang='lat'><strong>*</strong></span> <span class='ocrx_word' id='word_1_486' title='bbox 2730 768 2813 817; x_wconf 74' lang='lat' dir='ltr'><strong><em>soz.</em></strong></span> <span class='ocrx_word' id='word_1_487' title='bbox 2834 768 2921 807; x_wconf 64' lang='grc' dir='ltr'>ει.</span> 
     </span>
    </p>
   </div>
   <div class='ocr_carea' id='block_1_16' title="bbox 2708 817 2913 869">
    <p class='ocr_par' dir='ltr' id='par_1_18' title="bbox 2708 817 2913 869">
     <span class='ocr_line' id='line_1_65' title="bbox 2708 817 2913 869; baseline 0.015 -3"><span class='ocrx_word' id='word_1_488' title='bbox 2708 817 2837 868; x_wconf 67' lang='lat' dir='ltr'>(saw-</span> <span class='ocrx_word' id='word_1_489' title='bbox 2855 817 2913 869; x_wconf 86' lang='lat'>5),</span> 
     </span>
    </p>
   </div>
   <div class='ocr_carea' id='block_1_17' title="bbox 2710 873 2913 972">
    <p class='ocr_par' dir='ltr' id='par_1_19' title="bbox 2710 873 2913 972">
     <span class='ocr_line' id='line_1_66' title="bbox 2724 873 2894 911; baseline 0.006 -1"><span class='ocrx_word' id='word_1_490' title='bbox 2724 881 2836 910; x_wconf 77' lang='lat' dir='ltr'>man.</span> <span class='ocrx_word' id='word_1_491' title='bbox 2858 873 2894 911; x_wconf 76' lang='lat' dir='ltr'><strong><em>A</em></strong></span> 
     </span>
     <span class='ocr_line' id='line_1_67' title="bbox 2710 923 2913 972; baseline 0.01 -11"><span class='ocrx_word' id='word_1_492' title='bbox 2710 923 2768 961; x_wconf 80' lang='lat' dir='ltr'>al.</span> <span class='ocrx_word' id='word_1_493' title='bbox 2788 925 2913 972; x_wconf 74' lang='lat' dir='ltr'>temp.</span> 
     </span>
    </p>
   </div>
   <div class='ocr_carea' id='block_1_18' title="bbox 2701 2316 2966 2368">
    <p class='ocr_par' dir='ltr' id='par_1_20' title="bbox 2701 2316 2966 2368">
     <span class='ocr_line' id='line_1_68' title="bbox 2701 2316 2966 2368; baseline 0.004 -11"><span class='ocrx_word' id='word_1_494' title='bbox 2701 2316 2723 2340; x_wconf 90' lang='lat'><em>*</em></span> <span class='ocrx_word' id='word_1_495' title='bbox 2742 2317 2825 2368; x_wconf 79' lang='lat' dir='ltr'><strong><em>sol.</em></strong></span> <span class='ocrx_word' id='word_1_496' title='bbox 2844 2317 2898 2358; x_wconf 75' lang='lat'>31</span> <span class='ocrx_word' id='word_1_497' title='bbox 2910 2316 2966 2358; x_wconf 67' lang='grc' dir='ltr'><strong>αι’.</strong></span> 
     </span>
    </p>
   </div>
  </div>
 </body>
</html>
