3100 5050
902 420 1309 475 THIETMARI
1343 420 1606 476 CHRON.
1677 423 1815 476 LIB.
1853 423 1933 476 IX
1969 423 2167 489 (VIII).
2562 423 2664 479 253

116 599 243 649 *fon
264 599 368 642 188‘.
398 574 793 657 tempnimur
837 580 918 654 et,
967 575 1116 659 [sic]
1163 581 1236 638 ut
1278 573 1463 638 nobis
1507 575 1722 639 nullus
1767 581 1883 638 aut
1926 574 2184 658 *regnet
2227 580 2343 639 aut
2387 574 2662 658 imperet

397 659 723 738 dominae,
786 658 1233 741 depredamur.
1334 658 1554 724 Novus
1615 667 1967 743 cornupeta
2029 660 2403 743 antiquam·
2456 661 2663 743 legem

398 745 763 827 bonamque
808 745 1332 809 consuetudinem
1376 745 1691 810 hactenus
1735 743 2072 810 florentem
2115 746 2245 809 iam
2299 744 2660 830 disrumpit,

401 852 596 913 seque
643 830 955 894 caeterisb
997 831 1329 895 elatiorem
1366 850 1523 908 esse,
1569 831 1857 896 valenter
1890 828 2195 904 ostendit;
2243 831 2354 914 qui
2391 832 2662 896 caelitus

398 917 469 980 ni
513 917 639 980 cito
694 914 1108 998 deprimitur,
1166 913 1392 978 nimis0
1442 915 1788 981 insolentia
1841 915 2270 980 intolerabilis
2326 915 2662 984 solidatur.

399 1001 763 1066 Daviticam
818 1001 873 1063 18
924 1001 1183 1082 ignorat
1239 1001 1628 1066 sententiam
1684 1001 1954 1067 eundem
2009 1002 2102 1066 sic
2154 999 2434 1065 dulciter
2486 1016 2661 1066 ‘amo-

400 1091 683 1150 nentem:
755 1085 967 1150 Nolite
1011 1085 1299 1150 extollere
1344 1087 1413 1148 in
1458 1085 1656 1150 altum
1704 1109 1898 1150 corna
1940 1097 2205 1150 vestrum
2241 1093 2307 1151 et
2342 1096 2601 1151 caetera
2612 1087 2658 1154 d.
2691 1107 2765 1146 Ρη.
2786 1108 2849 1155 74,
2874 1108 2919 1148 e.

400 1175 563 1236 Orat
604 1191 724 1254 pro
768 1170 1008 1235 talibus
1053 1170 1221 1235 idem
1279 1171 1618 1253 spalmista
1669 1176 1956 1236 sanctus:
2047 1171 2316 1256 Auferes
2368 1173 2660 1256 spiritum
2689 1193 2765 1233 1³³.
2788 1195 2877 1244 103,
2902 1192 2967 1230 29.

397 1279 632 1335 eorum,
686 1257 984 1336 Domine,
1041 1266 1097 1320 et
1139 1255 1411 1338 defitient
1462 1267 1518 1320 et
1560 1258 1630 1320 in
1669 1256 1981 1340 pulverem
2024 1279 2201 1320 suum
2251 1267 2628 1321 revertentur
2637 1280 2662 1336 ,·

397 1352 455 1405 et
496 1342 728 1406 emittes
778 1343 1076 1426 spi-ritum
1129 1352 1300 1404 tuum
1354 1351 1410 1405 et
1462 1347 1838 1407 creabuntur
1891 1349 1957 1406 et
2008 1341 2279 1426 reliqua.
2380 1340 2660 1406 Multum

396 1426 647 1508 indiget
689 1427 1067 1507 memoriae,
1122 1427 1235 1510 qui
1279 1426 1646 1490 nullatenus
1691 1428 2022 1509 cognoscit
2066 1447 2160 1496 88.
2217 1447 2364 1491 811111
2409 1428 2493 1505 18,
2547 1428 2660 1510 qui

400 1533 469 1576 se
526 1512 761 1595 iugiter
821 1511 1219 1588 considerat,
1285 1512 1422 1575 sine
1485 1511 1727 1576 famine
1789 1511 1957 1576 bono
2021 1511 2113 1576 nil
2169 1512 2400 1579 valeat.
2489 1513 2661 1595 Ergo

444 1605 771 1661 eccatores
797 1598 1037 1680 quique
1071 1596 1461 1680 resipiscant
1495 1604 1579 1676 et,
1618 1602 1693 1661 ut
1729 1617 1798 1662 se
1837 1596 2208 1662 custodiant
2240 1597 2660 1681 pauperibus-

396 1619 581 1768 fque]
630 1682 1072 1761 misereantur,
1121 1700 1459 1764 sumopere
1504 1681 1828 1748 studeant.

570 1769 672 1832 24.
751 1768 890 1851 Ego
951 1768 1020 1831 in
1075 1764 1347 1850 flagiciis
1404 1767 1600 1832 miser
1661 1774 1726 1832 et
1782 1769 1851 1831 in
1909 1765 2331 1832 facultatibus
2389 1786 2657 1848 pauper,

396 1854 693 1935 quamvis
728 1853 795 1916 in
831 1862 1106 1934 utroque
1143 1851 1431 1917 eiusdem
1467 1853 1716 1918 ordinis
1749 1853 1958 1917 viros⁰
1993 1851 2338 1936 precellam
2377 1857 2657 1928 cunctos,

396 1945 618 2002 tamen
675 1937 1133 2002 contumeliam
1191 1937 1487 2020 superius
1543 1943 1966 2003 memoratam
2022 1956 2153 2000 non
2211 1937 2384 2002 eolus
2437 1938 2660 2021 pacior

396 2023 536 2088 sine
600 2022 778 2086 illisf.
893 2023 991 2086 De
1049 2023 1441 2105 coepiscopis
1498 2023 1569 2086 in
1627 2023 1881 2087 diversa
1938 2022 2133 2087 huius
2192 2021 2416 2086 mundi
2471 2029 2659 2106 parte

395 2107 805 2172 constitutisss
850 2105 1304 2189 ineffabileque
1348 2106 1806 2174 detrimentum
1860 2107 2181 2191 perpessis
2225 2107 2320 2170 nil
2364 2105 2450 2171 ad
2497 2108 2660 2173 haec

397 2192 793 2273 exemplaria
836 2190 1206 2271 introduce,
1254 2192 1409 2274 qnia
1454 2193 1699 2276 absque
1744 2193 1917 2257 omni
1960 2192 2231 2270 honore,
2287 2193 2424 2258 sola
2469 2192 2658 2258 bene-

397 2275 687 2342 diccione
744 2282 1038 2361 excepta,
1106 2297 1218 2342 eos
1276 2297 1417 2342 esse
1484 2280 1768 2360 graviter
1823 2278 2198 2361 ingemisc03
2271 2283 2337 2342 et
2393 2276 2476 2340 de
2535 2278 2659 2342 hiis

111 2389 133 2411 *
155 2389 237 2437 soz.
262 2386 355 2425 189.
397 2362 740 2427 dumtaxat
807 2362 1140 2445 disputare
1214 2361 1426 2449 [mihi]
1498 2384 1671 2428 nunc
1738 2368 1992 2446 tempus
2063 2367 2186 2439 est,
2267 2363 2382 2444 qui
2451 2362 2659 2444 *apud

396 2448 738 2513 modernos
764 2469 805 2514 a
833 2447 1239 2513 concivibush
1268 2448 1403 2512 suis
1430 2449 1706 2513 similem
1735 2448 1853 2527 vel,
1887 2467 2005 2531 pro
2033 2446 2234 2512 dolor!
2275 2447 2658 2513 deteriorem

395 2534 651 2601 subiere
695 2534 1061 2599 vindictam.

567 2621 729 2706 (12.)
802 2618 1263 2685 Bernwardus¹
1326 2622 1590 2683 sanctae
1647 2617 2240 2684 Hillinessemensis
2305 2617 2658 2682 aecclesiae

395 2705 781 2770 venerabilis
823 2712 1048 2789 pastor
1091 2706 1159 2768 in
1202 2710 1459 2768 tantum
1501 2724 1544 2768 a
1588 2703 1890 2767 Brunone
1934 2722 2168 2767 exosus
2212 2708 2310 2767 est
2359 2703 2594 2767 comit-e
2615 2703 2656 2780 ¹,

397 2798 473 2853 ut
506 2790 778 2854 militem
816 2811 1002 2855 81111111
1038 2789 1227 2854 Rimk
1259 2790 1517 2854 nomine
1562 2788 1810 2853 videret
1853 2788 2027 2853 crine
2082 2796 2147 2853 et
2196 2794 2377 2872 tergo
2430 2786 2658 2869 depra-

398 2879 615 2938 vatum
659 2881 932 2958 postque
982 2874 1257 2939 eundem
1292 2894 1509 2939 secum
1546 2875 1891 2939 iterantem
1937 2872 2021 2938 ab
2055 2873 2398 2938 Altmanno
2434 2873 2660 2937 iuvene

398 2958 807 3023 interfectum
851 2960 1081 3025 iacere.

572 3042 963 3127 Swithgerus
1045 3049 1260 3108 autem
1344 3044 1556 3108 almae
1634 3041 2230 3125 Mirmingerdensis
2307 3041 2658 3107 aecclesiae

400 3128 673 3193 antistes
736 3130 1032 3212 egregius
1096 3130 1164 3192 in
1220 3148 1337 3193 sua
1407 3135 1590 3193 curte
1647 3150 1688 3193 a
1744 3128 2052 3210 quodam¹
2108 3128 2318 3192 tirone
2383 3127 2657 3209 ingenuo

400 3214 730 3296 appetitur
760 3220 825 3278 et
849 3214 1101 3278 11111181ιιῑι
1136 3213 1372 3278 suimet
1408 3233 1634 3278 cruore
1671 3233 1894 3277 coram
1931 3234 2000 3277 se
2036 3212 2236 3278 occisi
2272 3212 2655 3277 maculatur.

401 3298 572 3375 Quid
614 3298 779 3363 tales
820 3318 1139 3383 personae
1183 3318 1487 3381 umquam
1533 3299 1987 3380 promeruere?
2058 3296 2170 3361 Hii
2213 3302 2431 3381 patres
2466 3296 2657 3361 ambo

400 3383 493 3465 pii
537 3383 800 3449 fuerunt
843 3392 907 3449 et
949 3390 1167 3449 tamen
1208 3381 1490 3449 dedecus
1533 3382 1656 3447 hoc
1700 3383 2006 3448 immeriti
2048 3382 2471 3466 pertulerunt.

572 3471 677 3534 25.
752 3468 879 3534 Sed
922 3470 1077 3552 quia
1121 3470 1187 3533 in
1231 3468 1673 3552 superioribus
1729 3467 1807 3534 de
1864 3467 2205 3551 Suithgero
2255 3467 2513 3551 presule
2567 3466 2660 3530 nil

399 3573 560 3632 sum,
607 3553 675 3617 id
718 3561 900 3637 peste
942 3554 1253 3638 letargica
1296 3552 1702 3636 impediente,
1746 3554 2018 3632 locutus,
2063 3573 2234 3617 nunc
2277 3552 2400 3617 hoc
2445 3572 2659 3616 emen-

398 3636 557 3704 dare
602 3659 950 3722 congruum
1006 3647 1124 3704 est.
1225 3638 1349 3703 Hic
1392 3638 1680 3703 Saxonia
1729 3641 1983 3721 genitus
2037 3643 2103 3701 et
2156 3638 2226 3702 in
2270 3635 2660 3702 Halverstidi

398 3744 477 3789 ac
521 3724 589 3787 in
629 3724 1069 3807 Magadaburg
1114 3745 1155 3788 a
1196 3743 1395 3808 puero
1441 3724 1772 3802 educatae,
1819 3744 1860 3788 a
1903 3724 2104 3787 tercio
2141 3721 2377 3787 Ottone
2413 3720 2659 3785 civitati

397 3809 730 3891 predictae
763 3810 1125 3893 prepositus
1161 3814 1285 3888 est3
1332 3828 1526 3891 quam
1557 3829 1702 3873 cum
1731 3808 1904 3873 omni
1933 3808 2268 3891 diligentia
2292 3808 2658 3883 reexissetn,
2699 3830 2860 3897 (993).

399 3892 615 3958 divino
652 3914 918 3959 munere
962 3894 1163 3959 fultus
1206 3893 1444 3976 polluit
1477 3894 1547 3957 in
1584 3893 1852 3959 diversis
1886 3892 2252 3958 virtutibus
2328 3892 2382 3956 E
2425 3889 2660 3974 quibus

400 3977 563 4126 dulas
588 3984 849 4044 tantum
873 4000 978 4044 res
1003 3978 1279 4062 profero,
1316 3999 1479 4063 quas
1506 3978 1894 4045 testimoniis
1928 3977 2262 4043 veracibus
2298 3976 2659 4061 approbare

398 4084 479 4128 va
506 4084 597 4129 eo.

400 4181 446 4229 a)
486 4183 520 4220 ti
546 4182 649 4223 odd.
673 4185 723 4223 Τ.
852 4183 901 4234 b)
948 4184 1109 4239 ceteri·
1136 4186 1177 4225 1.
1307 4182 1347 4233 c)
1394 4183 1545 4222 11111111.
1573 4186 1611 4222 1.
1742 4181 1790 4230 d)
1831 4186 1977 4235 88191.
2003 4185 2040 4225 1.
2169 4183 2213 4234 e)
2259 4183 2367 4223 uiris
2392 4180 2452 4231 D,
2478 4190 2588 4219 corr.
2609 4180 2659 4218 Τ.

402 4231 440 4279 f)
466 4231 571 4272 mn·
598 4237 638 4273 ι.
744 4233 791 4284 g)
816 4236 1031 4275 institutis
1054 4234 1113 4282 D,
1139 4245 1247 4274 corr.
1269 4234 1320 4273 Τ.
1422 4234 1473 4285 h)
1500 4233 1732 4275 affluemus
1759 4236 1798 4273 1.
1902 4235 1938 4285 i)
1965 4246 1994 4273 n
2022 4244 2186 4273 eranum
2213 4235 2252 4273 1.
2355 4232 2406 4282 k)
2430 4232 2470 4270 ri
2497 4230 2554 4279 D,
2579 4241 2660 4279 quo

395 4286 1107 4379 κὲάῶΐαῖωαῖαἷεησῆρεϋ.
1236 4285 1273 4335 1)
1313 4285 1501 4335 quadam
1526 4284 1588 4324 D.
1720 4284 1782 4334 m)
1825 4284 1997 4325 numici
2021 4284 2082 4325 D.
2214 4288 2261 4335 n)
2301 4294 2325 4324 8
2350 4294 2377 4323 α
2407 4284 2446 4323 Τ
2466 4281 2661 4322 additum

404 4417 457 4482 1)
496 4419 916 4488 Brunsviyensi,
942 4428 1004 4477 ut
1028 4423 1261 4489 videtur,
1291 4438 1334 4476 c.
1372 4422 1509 4477 1006
1536 4428 1772 4486 mortum
1813 4420 1885 4487 cf.
1919 4422 2099 4477 Vitam
2135 4420 2471 4476 Bernwardi
2505 4436 2547 4474 e.
2575 4419 2660 4473 34.
