<?xml version="1.0" encoding="UTF-8"?>
<!DOCTYPE html PUBLIC "-//W3C//DTD XHTML 1.0 Transitional//EN"
    "http://www.w3.org/TR/xhtml1/DTD/xhtml1-transitional.dtd">
<html xmlns="http://www.w3.org/1999/xhtml" xml:lang="en" lang="en">
 <head>
  <title>
</title>
<meta http-equiv="Content-Type" content="text/html;charset=utf-8" />
  <meta name='ocr-system' content='tesseract 3.04.00' />
  <meta name='ocr-capabilities' content='ocr_page ocr_carea ocr_par ocr_line ocrx_word'/>
</head>
<body>
  <div class='ocr_page' id='page_1' title='image "./thietmarimerseb00lappgoog_0145.png"; bbox 0 0 3100 5050; ppageno 0'>
   <div class='ocr_carea' id='block_1_1' title="bbox 117 564 342 760">
    <p class='ocr_par' dir='ltr' id='par_1_1' title="bbox 117 564 342 760">
     <span class='ocr_line' id='line_1_1' title="bbox 120 564 318 615; baseline -0.01 -10"><span class='ocrx_word' id='word_1_1' title='bbox 120 564 142 587; x_wconf 79' lang='lat'><strong>&#39;¹‘</strong></span> <span class='ocrx_word' id='word_1_2' title='bbox 171 564 261 605; x_wconf 80' lang='lat' dir='ltr'><strong>cod.</strong></span> <span class='ocrx_word' id='word_1_3' title='bbox 280 566 318 615; x_wconf 89' lang='lat'><strong>1,</strong></span> 
     </span>
     <span class='ocr_line' id='line_1_2' title="bbox 159 617 310 667; baseline 0.013 -12"><span class='ocrx_word' id='word_1_4' title='bbox 159 618 241 667; x_wconf 75' lang='lat' dir='ltr'><strong>sol.</strong></span> <span class='ocrx_word' id='word_1_5' title='bbox 259 617 310 657; x_wconf 78' lang='lat'><strong>89</strong></span> 
     </span>
     <span class='ocr_line' id='line_1_3' title="bbox 117 666 342 719; baseline 0.004 -12"><span class='ocrx_word' id='word_1_6' title='bbox 117 666 243 718; x_wconf 69' lang='lat' dir='ltr'><strong>(fasc.</strong></span> <span class='ocrx_word' id='word_1_7' title='bbox 263 667 342 719; x_wconf 75' lang='lat'><strong>14),</strong></span> 
     </span>
     <span class='ocr_line' id='line_1_4' title="bbox 143 720 322 760; baseline 0 -1"><span class='ocrx_word' id='word_1_8' title='bbox 143 732 252 760; x_wconf 74' lang='lat' dir='ltr'><strong>man.</strong></span> <span class='ocrx_word' id='word_1_9' title='bbox 269 720 322 759; x_wconf 76' lang='lat' dir='ltr'><strong>A.</strong></span> 
     </span>
    </p>
   </div>
   <div class='ocr_carea' id='block_1_2' title="bbox 123 2247 342 2296">
    <p class='ocr_par' dir='ltr' id='par_1_2' title="bbox 123 2247 342 2296">
     <span class='ocr_line' id='line_1_5' title="bbox 123 2247 342 2296; baseline 0 -9"><span class='ocrx_word' id='word_1_10' title='bbox 123 2247 146 2270; x_wconf 82' lang='lat'><strong>¹⁸¹</strong></span> <span class='ocrx_word' id='word_1_11' title='bbox 165 2248 248 2296; x_wconf 79' lang='lat' dir='ltr'><strong>fol.</strong></span> <span class='ocrx_word' id='word_1_12' title='bbox 266 2247 342 2287; x_wconf 76' lang='lat'><strong>89‘.</strong></span> 
     </span>
    </p>
   </div>
   <div class='ocr_carea' id='block_1_3' title="bbox 122 4046 342 4096">
    <p class='ocr_par' dir='ltr' id='par_1_3' title="bbox 122 4046 342 4096">
     <span class='ocr_line' id='line_1_6' title="bbox 122 4046 342 4096; baseline -0.005 -9"><span class='ocrx_word' id='word_1_13' title='bbox 122 4047 147 4071; x_wconf 70' lang='lat'><strong>⁵·</strong></span> <span class='ocrx_word' id='word_1_14' title='bbox 166 4048 256 4096; x_wconf 81' lang='lat' dir='ltr'><strong>soz.</strong></span> <span class='ocrx_word' id='word_1_15' title='bbox 275 4046 342 4087; x_wconf 79' lang='lat' dir='ltr'><strong>so.</strong></span> 
     </span>
    </p>
   </div>
   <div class='ocr_carea' id='block_1_4' title="bbox 997 407 2631 467">
    <p class='ocr_par' dir='ltr' id='par_1_4' title="bbox 997 407 2631 467">
     <span class='ocr_line' id='line_1_7' title="bbox 997 407 2631 467; baseline 0.001 -3"><span class='ocrx_word' id='word_1_16' title='bbox 997 408 1407 465; x_wconf 86' lang='lat' dir='ltr'><strong>THIETMARI</strong></span> <span class='ocrx_word' id='word_1_17' title='bbox 1441 407 1703 465; x_wconf 84' lang='lat' dir='ltr'><strong>CHRON.</strong></span> <span class='ocrx_word' id='word_1_18' title='bbox 1774 409 1911 464; x_wconf 91' lang='lat' dir='ltr'><strong>LIB.</strong></span> <span class='ocrx_word' id='word_1_19' title='bbox 1949 410 2014 464; x_wconf 88' lang='lat' dir='ltr'><strong>V.</strong></span> <span class='ocrx_word' id='word_1_20' title='bbox 2529 412 2631 467; x_wconf 77' lang='lat'><strong>125</strong></span> 
     </span>
    </p>
   </div>
   <div class='ocr_carea' id='block_1_5' title="bbox 360 561 2864 1591">
    <p class='ocr_par' dir='ltr' id='par_1_5' title="bbox 367 561 2818 820">
     <span class='ocr_line' id='line_1_8' title="bbox 372 561 2818 648; baseline -0 -21"><span class='ocrx_word' id='word_1_21' title='bbox 372 563 755 629; x_wconf 90' lang='lat' dir='ltr'><strong>consolatur.</strong></span> <span class='ocrx_word' id='word_1_22' title='bbox 855 561 1138 629; x_wconf 90' lang='lat' dir='ltr'><strong>Nuncios</strong></span> <span class='ocrx_word' id='word_1_23' title='bbox 1183 583 1434 647; x_wconf 91' lang='lat' dir='ltr'><strong>quoque</strong></span> <span class='ocrx_word' id='word_1_24' title='bbox 1480 562 2049 629; x_wconf 74' lang='lat' dir='ltr'><strong>*Rederarioruma</strong></span> <span class='ocrx_word' id='word_1_25' title='bbox 2092 568 2157 628; x_wconf 87' lang='lat' dir='ltr'><strong>et</strong></span> <span class='ocrx_word' id='word_1_26' title='bbox 2206 562 2463 641; x_wconf 89' lang='lat' dir='ltr'><strong>horum,</strong></span> <span class='ocrx_word' id='word_1_27' title='bbox 2518 563 2629 648; x_wconf 91' lang='lat' dir='ltr'><strong>qui</strong></span> <span class='ocrx_word' id='word_1_28' title='bbox 2667 574 2818 629; x_wconf 86' lang='lat'><strong>1003.</strong></span> 
     </span>
     <span class='ocr_line' id='line_1_9' title="bbox 372 647 2631 733; baseline 0 -21"><span class='ocrx_word' id='word_1_29' title='bbox 372 648 609 713; x_wconf 88' lang='lat' dir='ltr'><strong>Liutici</strong></span> <span class='ocrx_word' id='word_1_30' title='bbox 643 648 964 725; x_wconf 88' lang='lat' dir='ltr'><strong>dicuntur,</strong></span> <span class='ocrx_word' id='word_1_31' title='bbox 1013 648 1516 715; x_wconf 80' lang='lat' dir='ltr'>misericorditer</span> <span class='ocrx_word' id='word_1_32' title='bbox 1554 648 1837 733; x_wconf 80' lang='lat' dir='ltr'><strong>suscepit</strong></span> <span class='ocrx_word' id='word_1_33' title='bbox 1870 647 2309 732; x_wconf 81' lang='lat' dir='ltr'><strong>hactenusque</strong></span> <span class='ocrx_word' id='word_1_34' title='bbox 2356 648 2631 715; x_wconf 87' lang='lat' dir='ltr'><strong>rebelles</strong></span> 
     </span>
     <span class='ocr_line' id='line_1_10' title="bbox 367 732 2631 820; baseline 0 -22"><span class='ocrx_word' id='word_1_35' title='bbox 367 755 704 799; x_wconf 88' lang='lat' dir='ltr'><strong>munerum</strong></span> <span class='ocrx_word' id='word_1_36' title='bbox 749 733 1087 800; x_wconf 85' lang='lat' dir='ltr'><strong>dulcedine</strong></span> <span class='ocrx_word' id='word_1_37' title='bbox 1129 735 1751 820; x_wconf 83' lang='lat' dir='ltr'><strong>promissionumque</strong></span> <span class='ocrx_word' id='word_1_38' title='bbox 1803 733 2199 799; x_wconf 89' lang='lat' dir='ltr'><strong>iocunditate</strong></span> <span class='ocrx_word' id='word_1_39' title='bbox 2244 732 2529 800; x_wconf 79' lang='lat' dir='ltr'><strong>sedavitb</strong></span> <span class='ocrx_word' id='word_1_40' title='bbox 2566 740 2631 799; x_wconf 89' lang='lat' dir='ltr'><strong>et</strong></span> 
     </span>
    </p>

    <p class='ocr_par' dir='ltr' id='par_1_6' title="bbox 367 819 1636 888">
     <span class='ocr_line' id='line_1_11' title="bbox 367 819 1636 888; baseline 0.003 -5"><span class='ocrx_word' id='word_1_41' title='bbox 367 820 447 885; x_wconf 94' lang='lat' dir='ltr'><strong>de</strong></span> <span class='ocrx_word' id='word_1_42' title='bbox 490 820 770 885; x_wconf 87' lang='lat' dir='ltr'><strong>inimicis</strong></span> <span class='ocrx_word' id='word_1_43' title='bbox 817 820 1360 886; x_wconf 88' lang='lat' dir='ltr'><strong>familiarissimos</strong></span> <span class='ocrx_word' id='word_1_44' title='bbox 1405 819 1636 888; x_wconf 86' lang='lat' dir='ltr'><strong>effecit.</strong></span> 
     </span>
    </p>

    <p class='ocr_par' dir='ltr' id='par_1_7' title="bbox 360 904 2864 1591">
     <span class='ocr_line' id='line_1_12' title="bbox 538 904 2864 991; baseline -0.001 -20"><span class='ocrx_word' id='word_1_45' title='bbox 538 906 642 971; x_wconf 82' lang='lat'><strong>32.</strong></span> <span class='ocrx_word' id='word_1_46' title='bbox 691 906 854 991; x_wconf 82' lang='lat'><strong>(20.)</strong></span> <span class='ocrx_word' id='word_1_47' title='bbox 923 907 1078 971; x_wconf 92' lang='lat' dir='ltr'><strong>Post</strong></span> <span class='ocrx_word' id='word_1_48' title='bbox 1121 905 1281 971; x_wconf 90' lang='lat' dir='ltr'><strong>haec</strong></span> <span class='ocrx_word' id='word_1_49' title='bbox 1320 907 1764 989; x_wconf 78' lang='lat' dir='ltr'><strong>rogationum⁰</strong></span> <span class='ocrx_word' id='word_1_50' title='bbox 1799 905 1939 971; x_wconf 89' lang='lat' dir='ltr'><strong>dies</strong></span> <span class='ocrx_word' id='word_1_51' title='bbox 1974 926 2015 970; x_wconf 92' lang='lat' dir='ltr'><strong>a</strong></span> <span class='ocrx_word' id='word_1_52' title='bbox 2052 904 2294 970; x_wconf 80' lang='lat' dir='ltr'><strong>Christi</strong></span> <span class='ocrx_word' id='word_1_53' title='bbox 2328 905 2627 970; x_wconf 86' lang='lat' dir='ltr'><strong>fidelibus</strong></span> <span class='ocrx_word' id='word_1_54' title='bbox 2655 926 2743 965; x_wconf 62' lang='lat' dir='ltr'><strong>Mn</strong></span> <span class='ocrx_word' id='word_1_55' title='bbox 2770 926 2864 969; x_wconf 78' lang='lat'><strong>3-5.</strong></span> 
     </span>
     <span class='ocr_line' id='line_1_13' title="bbox 367 990 2629 1075; baseline 0 -20"><span class='ocrx_word' id='word_1_56' title='bbox 367 991 605 1075; x_wconf 87' lang='lat' dir='ltr'><strong>iugiter</strong></span> <span class='ocrx_word' id='word_1_57' title='bbox 662 990 963 1057; x_wconf 89' lang='lat' dir='ltr'><strong>colendas</strong></span> <span class='ocrx_word' id='word_1_58' title='bbox 1022 992 1396 1074; x_wconf 87' lang='lat' dir='ltr'><strong>Merseburg</strong></span> <span class='ocrx_word' id='word_1_59' title='bbox 1462 991 1823 1069; x_wconf 90' lang='lat' dir='ltr'><strong>celebrans,</strong></span> <span class='ocrx_word' id='word_1_60' title='bbox 1893 991 1972 1056; x_wconf 91' lang='lat' dir='ltr'><strong>de</strong></span> <span class='ocrx_word' id='word_1_61' title='bbox 2040 998 2264 1075; x_wconf 89' lang='lat' dir='ltr'><strong>aperta</strong></span> <span class='ocrx_word' id='word_1_62' title='bbox 2323 991 2629 1056; x_wconf 90' lang='lat' dir='ltr'><strong>Bolizlavi</strong></span> 
     </span>
     <span class='ocr_line' id='line_1_14' title="bbox 366 1075 2630 1143; baseline 0 -2"><span class='ocrx_word' id='word_1_63' title='bbox 366 1075 549 1142; x_wconf 90' lang='lat' dir='ltr'><strong>ducis</strong></span> <span class='ocrx_word' id='word_1_64' title='bbox 587 1082 651 1141; x_wconf 89' lang='lat' dir='ltr'><strong>et</strong></span> <span class='ocrx_word' id='word_1_65' title='bbox 687 1076 976 1142; x_wconf 90' lang='lat' dir='ltr'><strong>Heinrici</strong></span> <span class='ocrx_word' id='word_1_66' title='bbox 1013 1077 1404 1143; x_wconf 90' lang='lat' dir='ltr'><strong>marchionis</strong></span> <span class='ocrx_word' id='word_1_67' title='bbox 1440 1077 1790 1143; x_wconf 89' lang='lat' dir='ltr'><strong>rebellione</strong></span> <span class='ocrx_word' id='word_1_68' title='bbox 1818 1078 2188 1142; x_wconf 91' lang='lat' dir='ltr'><strong>intimatum</strong></span> <span class='ocrx_word' id='word_1_69' title='bbox 2215 1082 2331 1143; x_wconf 88' lang='lat' dir='ltr'><strong>est.</strong></span> <span class='ocrx_word' id='word_1_70' title='bbox 2406 1077 2630 1142; x_wconf 87' lang='lat' dir='ltr'><strong>Proxi-</strong></span> 
     </span>
     <span class='ocr_line' id='line_1_15' title="bbox 360 1162 2831 1247; baseline -0.001 -20"><span class='ocrx_word' id='word_1_71' title='bbox 360 1184 540 1228; x_wconf 87' lang='lat' dir='ltr'><strong>mum</strong></span> <span class='ocrx_word' id='word_1_72' title='bbox 598 1169 996 1247; x_wconf 80' lang='lat' dir='ltr'><strong>pentecostes</strong></span> <span class='ocrx_word' id='word_1_73' title='bbox 1053 1163 1287 1228; x_wconf 86' lang='lat' dir='ltr'><strong>festum</strong></span> <span class='ocrx_word' id='word_1_74' title='bbox 1348 1165 1415 1228; x_wconf 91' lang='lat' dir='ltr'><strong>in</strong></span> <span class='ocrx_word' id='word_1_75' title='bbox 1473 1163 1869 1229; x_wconf 89' lang='lat' dir='ltr'><strong>Halverstidi</strong></span> <span class='ocrx_word' id='word_1_76' title='bbox 1931 1184 1971 1227; x_wconf 90' lang='lat' dir='ltr'><strong>a</strong></span> <span class='ocrx_word' id='word_1_77' title='bbox 2031 1184 2178 1247; x_wconf 91' lang='lat' dir='ltr'><strong>rege</strong></span> <span class='ocrx_word' id='word_1_78' title='bbox 2240 1162 2623 1228; x_wconf 88' lang='lat' dir='ltr'><strong>celebratur.</strong></span> <span class='ocrx_word' id='word_1_79' title='bbox 2652 1182 2741 1221; x_wconf 64' lang='lat' dir='ltr'><strong>Mat</strong></span> <span class='ocrx_word' id='word_1_80' title='bbox 2768 1185 2831 1225; x_wconf 83' lang='lat'><strong>16.</strong></span> 
     </span>
     <span class='ocr_line' id='line_1_16' title="bbox 365 1248 2631 1315; baseline 0 -2"><span class='ocrx_word' id='word_1_81' title='bbox 365 1249 520 1315; x_wconf 86' lang='lat' dir='ltr'><strong>Post</strong></span> <span class='ocrx_word' id='word_1_82' title='bbox 561 1248 722 1313; x_wconf 87' lang='lat' dir='ltr'><strong>haec</strong></span> <span class='ocrx_word' id='word_1_83' title='bbox 765 1248 850 1314; x_wconf 83' lang='lat' dir='ltr'><strong>ad</strong></span> <span class='ocrx_word' id='word_1_84' title='bbox 888 1249 1252 1314; x_wconf 87' lang='lat' dir='ltr'><strong>Bawariam</strong></span> <span class='ocrx_word' id='word_1_85' title='bbox 1297 1248 1568 1315; x_wconf 87' lang='lat' dir='ltr'><strong>tendens</strong></span> <span class='ocrx_word' id='word_1_86' title='bbox 1611 1249 1983 1314; x_wconf 90' lang='lat' dir='ltr'><strong>Heinricum</strong></span> <span class='ocrx_word' id='word_1_87' title='bbox 2030 1248 2272 1313; x_wconf 83' lang='lat' dir='ltr'><strong>auxilio</strong></span> <span class='ocrx_word' id='word_1_88' title='bbox 2325 1248 2631 1314; x_wconf 91' lang='lat' dir='ltr'><strong>Bolizlavi</strong></span> 
     </span>
     <span class='ocr_line' id='line_1_17' title="bbox 365 1334 2629 1419; baseline -0 -20"><span class='ocrx_word' id='word_1_89' title='bbox 365 1335 771 1401; x_wconf 87' lang='lat' dir='ltr'><strong>resistentem</strong></span> <span class='ocrx_word' id='word_1_90' title='bbox 824 1336 1032 1417; x_wconf 91' lang='lat' dir='ltr'><strong>primo</strong></span> <span class='ocrx_word' id='word_1_91' title='bbox 1075 1335 1408 1400; x_wconf 87' lang='lat' dir='ltr'><strong>devincere</strong></span> <span class='ocrx_word' id='word_1_92' title='bbox 1451 1340 1804 1419; x_wconf 83' lang='lat' dir='ltr'><strong>posteaque</strong></span> <span class='ocrx_word' id='word_1_93' title='bbox 1861 1334 2147 1419; x_wconf 79' lang='lat' dir='ltr'><strong>positas‘¹</strong></span> <span class='ocrx_word' id='word_1_94' title='bbox 2198 1356 2240 1399; x_wconf 91' lang='lat' dir='ltr'><strong>a</strong></span> <span class='ocrx_word' id='word_1_95' title='bbox 2292 1334 2479 1417; x_wconf 90' lang='lat' dir='ltr'><strong>longe</strong></span> <span class='ocrx_word' id='word_1_96' title='bbox 2533 1335 2629 1398; x_wconf 92' lang='lat' dir='ltr'><strong>in-</strong></span> 
     </span>
     <span class='ocr_line' id='line_1_18' title="bbox 367 1419 2627 1505; baseline -0 -20"><span class='ocrx_word' id='word_1_97' title='bbox 367 1419 567 1485; x_wconf 89' lang='lat' dir='ltr'><strong>sidias</strong></span> <span class='ocrx_word' id='word_1_98' title='bbox 605 1440 897 1485; x_wconf 91' lang='lat' dir='ltr'><strong>amovere</strong></span> <span class='ocrx_word' id='word_1_99' title='bbox 935 1428 1220 1489; x_wconf 90' lang='lat' dir='ltr'><strong>conatur.</strong></span> <span class='ocrx_word' id='word_1_100' title='bbox 1311 1420 1640 1505; x_wconf 89' lang='lat' dir='ltr'><strong>Comperit</strong></span> <span class='ocrx_word' id='word_1_101' title='bbox 1675 1421 1874 1485; x_wconf 90' lang='lat' dir='ltr'><strong>etiam</strong></span> <span class='ocrx_word' id='word_1_102' title='bbox 1908 1421 1992 1486; x_wconf 91' lang='lat' dir='ltr'><strong>ad</strong></span> <span class='ocrx_word' id='word_1_103' title='bbox 2029 1419 2171 1500; x_wconf 91' lang='lat' dir='ltr'><strong>hoc,</strong></span> <span class='ocrx_word' id='word_1_104' title='bbox 2213 1419 2388 1502; x_wconf 91' lang='lat' dir='ltr'><strong>quod</strong></span> <span class='ocrx_word' id='word_1_105' title='bbox 2424 1420 2627 1485; x_wconf 89' lang='lat' dir='ltr'><strong>Erna-</strong></span> 
     </span>
     <span class='ocr_line' id='line_1_19' title="bbox 366 1505 2628 1591; baseline 0 -21"><span class='ocrx_word' id='word_1_106' title='bbox 366 1512 506 1571; x_wconf 90' lang='lat' dir='ltr'><strong>stus</strong></span> <span class='ocrx_word' id='word_1_107' title='bbox 551 1505 635 1571; x_wconf 88' lang='lat' dir='ltr'><strong>ab</strong></span> <span class='ocrx_word' id='word_1_108' title='bbox 680 1527 754 1571; x_wconf 93' lang='lat' dir='ltr'><strong>eo</strong></span> <span class='ocrx_word' id='word_1_109' title='bbox 799 1528 1004 1591; x_wconf 90' lang='lat' dir='ltr'><strong>nuper</strong></span> <span class='ocrx_word' id='word_1_110' title='bbox 1047 1508 1408 1572; x_wconf 87' lang='lat' dir='ltr'><strong>honoratus</strong></span> <span class='ocrx_word' id='word_1_111' title='bbox 1454 1513 1519 1572; x_wconf 93' lang='lat' dir='ltr'><strong>et</strong></span> <span class='ocrx_word' id='word_1_112' title='bbox 1562 1507 1832 1572; x_wconf 89' lang='lat' dir='ltr'><strong>domnus</strong></span> <span class='ocrx_word' id='word_1_113' title='bbox 1877 1507 2113 1585; x_wconf 91' lang='lat' dir='ltr'><strong>Bruno,</strong></span> <span class='ocrx_word' id='word_1_114' title='bbox 2159 1506 2367 1571; x_wconf 86' lang='lat' dir='ltr'><strong>frater</strong></span> <span class='ocrx_word' id='word_1_115' title='bbox 2412 1526 2566 1571; x_wconf 90' lang='lat' dir='ltr'><strong>suus</strong></span> <span class='ocrx_word' id='word_1_116' title='bbox 2585 1505 2628 1584; x_wconf 87' lang='lat'><strong>¹,</strong></span> 
     </span>
    </p>
   </div>
   <div class='ocr_carea' id='block_1_6' title="bbox 369 1590 2627 1678">
    <p class='ocr_par' dir='ltr' id='par_1_8' title="bbox 369 1590 2627 1678">
     <span class='ocr_line' id='line_1_20' title="bbox 369 1590 2627 1678; baseline 0 -24"><span class='ocrx_word' id='word_1_117' title='bbox 369 1612 514 1656; x_wconf 91' lang='lat' dir='ltr'><strong>cum</strong></span> <span class='ocrx_word' id='word_1_118' title='bbox 551 1612 624 1657; x_wconf 94' lang='lat' dir='ltr'><strong>eo</strong></span> <span class='ocrx_word' id='word_1_119' title='bbox 660 1592 900 1657; x_wconf 86' lang='lat' dir='ltr'><strong>iniuste</strong></span> <span class='ocrx_word' id='word_1_120' title='bbox 937 1593 1478 1676; x_wconf 81' lang='lat' dir='ltr'><strong>conspiraverant,</strong></span> <span class='ocrx_word' id='word_1_121' title='bbox 1524 1593 1895 1676; x_wconf 85' lang='lat' dir='ltr'><strong>ignorantes</strong></span> <span class='ocrx_word' id='word_1_122' title='bbox 1931 1590 2102 1678; x_wconf 90' lang='lat' dir='ltr'><strong>quod</strong></span> <span class='ocrx_word' id='word_1_123' title='bbox 2148 1592 2465 1676; x_wconf 88' lang='lat' dir='ltr'><strong>scriptum</strong></span> <span class='ocrx_word' id='word_1_124' title='bbox 2504 1598 2627 1657; x_wconf 89' lang='lat' dir='ltr'><strong>est:</strong></span> 
     </span>
    </p>
   </div>
   <div class='ocr_carea' id='block_1_7' title="bbox 832 1680 2941 1784">
    <p class='ocr_par' dir='ltr' id='par_1_9' title="bbox 832 1680 2941 1784">
     <span class='ocr_line' id='line_1_21' title="bbox 832 1680 2941 1784; baseline 0.004 -26"><span class='ocrx_word' id='word_1_125' title='bbox 832 1694 1047 1759; x_wconf 71' lang='lat' dir='ltr'><strong>Virtus</strong></span> <span class='ocrx_word' id='word_1_126' title='bbox 1089 1695 1342 1759; x_wconf 76' lang='lat' dir='ltr'><strong>consilii</strong></span> <span class='ocrx_word' id='word_1_127' title='bbox 1384 1718 1607 1780; x_wconf 57' lang='lat' dir='ltr'><strong>emper-s</strong></span> <span class='ocrx_word' id='word_1_128' title='bbox 1649 1695 1805 1760; x_wconf 81' lang='lat' dir='ltr'><strong>mole</strong></span> <span class='ocrx_word' id='word_1_129' title='bbox 1848 1696 1981 1759; x_wconf 71' lang='lat' dir='ltr'><strong>ruit</strong></span> <span class='ocrx_word' id='word_1_130' title='bbox 2022 1717 2157 1759; x_wconf 81' lang='lat' dir='ltr'><strong>sua.</strong></span> <span class='ocrx_word' id='word_1_131' title='bbox 2652 1680 2941 1784; x_wconf 46' lang='lat' dir='ltr'><strong>Hozoggss,</strong></span> 
     </span>
    </p>
   </div>
   <div class='ocr_carea' id='block_1_8' title="bbox 327 1795 2631 1881">
    <p class='ocr_par' dir='ltr' id='par_1_10' title="bbox 327 1795 2631 1881">
     <span class='ocr_line' id='line_1_22' title="bbox 327 1795 2631 1881; baseline 0.003 -26"><span class='ocrx_word' id='word_1_132' title='bbox 327 1844 339 1855; x_wconf 91' lang='lat'><strong>.</strong></span> <span class='ocrx_word' id='word_1_133' title='bbox 368 1796 538 1866; x_wconf 87' lang='lat' dir='ltr'><strong>*Rex</strong></span> <span class='ocrx_word' id='word_1_134' title='bbox 573 1804 790 1863; x_wconf 88' lang='lat' dir='ltr'><strong>autem</strong></span> <span class='ocrx_word' id='word_1_135' title='bbox 827 1797 908 1862; x_wconf 94' lang='lat' dir='ltr'><strong>ob</strong></span> <span class='ocrx_word' id='word_1_136' title='bbox 953 1797 1304 1863; x_wconf 89' lang='lat' dir='ltr'><strong>sedandam</strong></span> <span class='ocrx_word' id='word_1_137' title='bbox 1339 1797 1569 1862; x_wconf 88' lang='lat' dir='ltr'><strong>horum</strong></span> <span class='ocrx_word' id='word_1_138' title='bbox 1616 1797 2052 1881; x_wconf 80' lang='lat' dir='ltr'><strong>arrogantiam</strong></span> <span class='ocrx_word' id='word_1_139' title='bbox 2088 1795 2442 1862; x_wconf 88' lang='lat' dir='ltr'><strong>familiares</strong></span> <span class='ocrx_word' id='word_1_140' title='bbox 2479 1818 2631 1863; x_wconf 87' lang='lat' dir='ltr'><strong>suos</strong></span> 
     </span>
    </p>
   </div>
   <div class='ocr_carea' id='block_1_9' title="bbox 364 1882 2939 4198">
    <p class='ocr_par' dir='ltr' id='par_1_11' title="bbox 364 1882 2939 3084">
     <span class='ocr_line' id='line_1_23' title="bbox 366 1882 2771 1967; baseline -0.002 -19"><span class='ocrx_word' id='word_1_141' title='bbox 366 1883 836 1967; x_wconf 88' lang='lat' dir='ltr'><strong>undiquesecus</strong></span> <span class='ocrx_word' id='word_1_142' title='bbox 877 1883 1185 1967; x_wconf 88' lang='lat' dir='ltr'><strong>colligens</strong></span> <span class='ocrx_word' id='word_1_143' title='bbox 1223 1884 1506 1948; x_wconf 90' lang='lat' dir='ltr'><strong>intrante</strong></span> <span class='ocrx_word' id='word_1_144' title='bbox 1537 1887 1862 1967; x_wconf 77' lang='lat' dir='ltr'><strong>August00</strong></span> <span class='ocrx_word' id='word_1_145' title='bbox 1904 1882 2075 1947; x_wconf 91' lang='lat' dir='ltr'><strong>bona</strong></span> <span class='ocrx_word' id='word_1_146' title='bbox 2110 1882 2349 1965; x_wconf 85' lang='lat' dir='ltr'><strong>prefati</strong></span> <span class='ocrx_word' id='word_1_147' title='bbox 2375 1884 2627 1948; x_wconf 89' lang='lat' dir='ltr'><strong>comitis</strong></span> <span class='ocrx_word' id='word_1_148' title='bbox 2655 1903 2771 1953; x_wconf 77' lang='lat' dir='ltr'><strong>Aug.</strong></span> 
     </span>
     <span class='ocr_line' id='line_1_24' title="bbox 367 1967 2629 2054; baseline 0 -21"><span class='ocrx_word' id='word_1_149' title='bbox 367 1968 725 2034; x_wconf 88' lang='lat' dir='ltr'><strong>invadendo</strong></span> <span class='ocrx_word' id='word_1_150' title='bbox 770 1970 1046 2034; x_wconf 88' lang='lat' dir='ltr'><strong>vastavit</strong></span> <span class='ocrx_word' id='word_1_151' title='bbox 1072 1990 1388 2053; x_wconf 87' lang='lat' dir='ltr'><strong>eumque,</strong></span> <span class='ocrx_word' id='word_1_152' title='bbox 1442 1968 1829 2052; x_wconf 89' lang='lat' dir='ltr'><strong>ubicumque</strong></span> <span class='ocrx_word' id='word_1_153' title='bbox 1881 1974 2065 2033; x_wconf 85' lang='lat' dir='ltr'><strong>extra</strong></span> <span class='ocrx_word' id='word_1_154' title='bbox 2122 1967 2349 2033; x_wconf 91' lang='lat' dir='ltr'><strong>urbem</strong></span> <span class='ocrx_word' id='word_1_155' title='bbox 2401 1970 2629 2054; x_wconf 90' lang='lat' dir='ltr'><strong>potuit,</strong></span> 
     </span>
     <span class='ocr_line' id='line_1_25' title="bbox 367 2055 2629 2139; baseline 0 -20"><span class='ocrx_word' id='word_1_156' title='bbox 367 2055 638 2119; x_wconf 88' lang='lat' dir='ltr'><strong>invitum</strong></span> <span class='ocrx_word' id='word_1_157' title='bbox 671 2056 933 2120; x_wconf 87' lang='lat' dir='ltr'><strong>latitare</strong></span> <span class='ocrx_word' id='word_1_158' title='bbox 971 2055 1296 2139; x_wconf 80' lang='lat' dir='ltr'><strong>compulit.</strong></span> <span class='ocrx_word' id='word_1_159' title='bbox 1365 2055 1550 2119; x_wconf 89' lang='lat' dir='ltr'><strong>Dicat</strong></span> <span class='ocrx_word' id='word_1_160' title='bbox 1586 2056 1840 2139; x_wconf 89' lang='lat' dir='ltr'><strong>aliquis,</strong></span> <span class='ocrx_word' id='word_1_161' title='bbox 1876 2076 2005 2118; x_wconf 88' lang='lat' dir='ltr'><strong>non</strong></span> <span class='ocrx_word' id='word_1_162' title='bbox 2032 2056 2338 2137; x_wconf 89' lang='lat' dir='ltr'><strong>ignorans</strong></span> <span class='ocrx_word' id='word_1_163' title='bbox 2368 2076 2629 2120; x_wconf 88' lang='lat' dir='ltr'><strong>causam</strong></span> 
     </span>
     <span class='ocr_line' id='line_1_26' title="bbox 365 2138 2628 2223; baseline 0.001 -20"><span class='ocrx_word' id='word_1_164' title='bbox 365 2146 588 2204; x_wconf 90' lang='lat' dir='ltr'><strong>tantae</strong></span> <span class='ocrx_word' id='word_1_165' title='bbox 622 2140 1145 2223; x_wconf 79' lang='lat' dir='ltr'><strong>presumptioniS,</strong></span> <span class='ocrx_word' id='word_1_166' title='bbox 1182 2142 1546 2206; x_wconf 86' lang='lat' dir='ltr'><strong>necessario</strong></span> <span class='ocrx_word' id='word_1_167' title='bbox 1578 2139 1767 2205; x_wconf 86' lang='lat' dir='ltr'><strong>eum2</strong></span> <span class='ocrx_word' id='word_1_168' title='bbox 1793 2138 1917 2205; x_wconf 91' lang='lat' dir='ltr'><strong>hoc</strong></span> <span class='ocrx_word' id='word_1_169' title='bbox 1944 2139 2199 2205; x_wconf 88' lang='lat' dir='ltr'><strong>fecisse:</strong></span> <span class='ocrx_word' id='word_1_170' title='bbox 2240 2140 2628 2206; x_wconf 91' lang='lat' dir='ltr'><strong>sublimiori-</strong></span> 
     </span>
     <span class='ocr_line' id='line_1_27' title="bbox 369 2224 2629 2310; baseline 0.001 -21"><span class='ocrx_word' id='word_1_171' title='bbox 369 2224 489 2290; x_wconf 89' lang='lat' dir='ltr'><strong>bus</strong></span> <span class='ocrx_word' id='word_1_172' title='bbox 534 2245 662 2291; x_wconf 90' lang='lat' dir='ltr'><strong>non</strong></span> <span class='ocrx_word' id='word_1_173' title='bbox 707 2246 1058 2309; x_wconf 84' lang='lat' dir='ltr'><strong>congruere</strong></span> <span class='ocrx_word' id='word_1_174' title='bbox 1101 2226 1551 2310; x_wconf 88' lang='lat' dir='ltr'><strong>potestatibus,</strong></span> <span class='ocrx_word' id='word_1_175' title='bbox 1610 2233 1745 2292; x_wconf 84' lang='lat' dir='ltr'><strong>tam</strong></span> <span class='ocrx_word' id='word_1_176' title='bbox 1789 2225 2060 2291; x_wconf 86' lang='lat' dir='ltr'><strong>firmiter</strong></span> <span class='ocrx_word' id='word_1_177' title='bbox 2101 2227 2418 2310; x_wconf 88' lang='lat' dir='ltr'><strong>promissa</strong></span> <span class='ocrx_word' id='word_1_178' title='bbox 2463 2227 2629 2291; x_wconf 84' lang='lat' dir='ltr'><strong>*cui-</strong></span> 
     </span>
     <span class='ocr_line' id='line_1_28' title="bbox 366 2309 2629 2395; baseline 0.001 -21"><span class='ocrx_word' id='word_1_179' title='bbox 366 2331 563 2394; x_wconf 90' lang='lat' dir='ltr'><strong>quam</strong></span> <span class='ocrx_word' id='word_1_180' title='bbox 607 2309 884 2376; x_wconf 88' lang='lat' dir='ltr'><strong>fideliter</strong></span> <span class='ocrx_word' id='word_1_181' title='bbox 928 2312 1232 2377; x_wconf 86' lang='lat' dir='ltr'><strong>servienti</strong></span> <span class='ocrx_word' id='word_1_182' title='bbox 1277 2312 1657 2378; x_wconf 90' lang='lat' dir='ltr'><strong>subtrahere</strong></span> <span class='ocrx_word' id='word_1_183' title='bbox 1703 2312 2232 2395; x_wconf 86' lang='lat' dir='ltr'><strong>devotionemque</strong></span> <span class='ocrx_word' id='word_1_184' title='bbox 2274 2318 2629 2377; x_wconf 83' lang='lat' dir='ltr'><strong>ceterorum</strong></span> 
     </span>
     <span class='ocr_line' id='line_1_29' title="bbox 367 2395 2629 2483; baseline 0.001 -23"><span class='ocrx_word' id='word_1_185' title='bbox 367 2396 754 2465; x_wconf 89' lang='lat' dir='ltr'><strong>abalienare.</strong></span> <span class='ocrx_word' id='word_1_186' title='bbox 855 2395 1104 2473; x_wconf 84' lang='lat' dir='ltr'><strong>Quibus</strong></span> <span class='ocrx_word' id='word_1_187' title='bbox 1147 2399 1473 2483; x_wconf 89' lang='lat' dir='ltr'><strong>reciproco</strong></span> <span class='ocrx_word' id='word_1_188' title='bbox 1525 2418 1653 2462; x_wconf 90' lang='lat' dir='ltr'><strong>non</strong></span> <span class='ocrx_word' id='word_1_189' title='bbox 1696 2398 1894 2463; x_wconf 90' lang='lat' dir='ltr'><strong>ullam</strong></span> <span class='ocrx_word' id='word_1_190' title='bbox 1948 2398 2016 2462; x_wconf 91' lang='lat' dir='ltr'><strong>in</strong></span> <span class='ocrx_word' id='word_1_191' title='bbox 2060 2396 2183 2461; x_wconf 94' lang='lat' dir='ltr'><strong>hoc</strong></span> <span class='ocrx_word' id='word_1_192' title='bbox 2228 2399 2443 2463; x_wconf 91' lang='lat' dir='ltr'><strong>seculo</strong></span> <span class='ocrx_word' id='word_1_193' title='bbox 2490 2419 2629 2464; x_wconf 88' lang='lat' dir='ltr'><strong>esse</strong></span> 
     </span>
     <span class='ocr_line' id='line_1_30' title="bbox 366 2481 2939 2568; baseline 0.001 -20"><span class='ocrx_word' id='word_1_194' title='bbox 366 2481 890 2564; x_wconf 73' lang='lat' dir='ltr'><strong>dominationem,</strong></span> <span class='ocrx_word' id='word_1_195' title='bbox 954 2485 1080 2549; x_wconf 91' lang='lat' dir='ltr'><strong>nisi</strong></span> <span class='ocrx_word' id='word_1_196' title='bbox 1141 2505 1183 2550; x_wconf 93' lang='lat' dir='ltr'><strong>a</strong></span> <span class='ocrx_word' id='word_1_197' title='bbox 1243 2485 1403 2564; x_wconf 89' lang='lat' dir='ltr'><strong>Deo;</strong></span> <span class='ocrx_word' id='word_1_198' title='bbox 1477 2489 1539 2550; x_wconf 89' lang='lat' dir='ltr'><strong>et</strong></span> <span class='ocrx_word' id='word_1_199' title='bbox 1603 2484 1715 2568; x_wconf 92' lang='lat' dir='ltr'><strong>qui</strong></span> <span class='ocrx_word' id='word_1_200' title='bbox 1774 2505 1843 2550; x_wconf 93' lang='lat' dir='ltr'><strong>se</strong></span> <span class='ocrx_word' id='word_1_201' title='bbox 1904 2488 2133 2549; x_wconf 87' lang='lat' dir='ltr'><strong>contra</strong></span> <span class='ocrx_word' id='word_1_202' title='bbox 2192 2504 2337 2550; x_wconf 90' lang='lat' dir='ltr'><strong>eam</strong></span> <span class='ocrx_word' id='word_1_203' title='bbox 2398 2486 2624 2568; x_wconf 90' lang='lat' dir='ltr'><strong>erigat,</strong></span> <span class='ocrx_word' id='word_1_204' title='bbox 2651 2500 2939 2551; x_wconf 80' lang='lat' dir='ltr'><strong>Rom-13‚1·2·</strong></span> 
     </span>
     <span class='ocr_line' id='line_1_31' title="bbox 367 2569 2629 2656; baseline 0.001 -22"><span class='ocrx_word' id='word_1_205' title='bbox 367 2569 618 2636; x_wconf 91' lang='lat' dir='ltr'><strong>divinae</strong></span> <span class='ocrx_word' id='word_1_206' title='bbox 691 2571 1048 2637; x_wconf 91' lang='lat' dir='ltr'><strong>maiestatis</strong></span> <span class='ocrx_word' id='word_1_207' title='bbox 1121 2569 1433 2636; x_wconf 85' lang='lat' dir='ltr'><strong>offensam</strong></span> <span class='ocrx_word' id='word_1_208' title='bbox 1504 2572 1820 2648; x_wconf 84' lang='lat' dir='ltr'><strong>incurrat3</strong></span> <span class='ocrx_word' id='word_1_209' title='bbox 1894 2569 2298 2636; x_wconf 90' lang='lat' dir='ltr'><strong>subitaneam</strong></span> <span class='ocrx_word' id='word_1_210' title='bbox 2368 2571 2629 2656; x_wconf 87' lang='lat' dir='ltr'><strong>iniquae</strong></span> 
     </span>
     <span class='ocr_line' id='line_1_32' title="bbox 364 2654 2632 2742; baseline 0.001 -22"><span class='ocrx_word' id='word_1_211' title='bbox 364 2658 600 2721; x_wconf 89' lang='lat' dir='ltr'><strong>mentis</strong></span> <span class='ocrx_word' id='word_1_212' title='bbox 645 2654 1040 2722; x_wconf 88' lang='lat' dir='ltr'><strong>inflationem</strong></span> <span class='ocrx_word' id='word_1_213' title='bbox 1084 2657 1446 2742; x_wconf 87' lang='lat' dir='ltr'><strong>pacientiae</strong></span> <span class='ocrx_word' id='word_1_214' title='bbox 1489 2655 1925 2740; x_wconf 90' lang='lat' dir='ltr'><strong>gubernaculo</strong></span> <span class='ocrx_word' id='word_1_215' title='bbox 1969 2655 2201 2721; x_wconf 90' lang='lat' dir='ltr'><strong>debere</strong></span> <span class='ocrx_word' id='word_1_216' title='bbox 2243 2657 2509 2736; x_wconf 88' lang='lat' dir='ltr'><strong>retrahi,</strong></span> <span class='ocrx_word' id='word_1_217' title='bbox 2566 2664 2632 2722; x_wconf 92' lang='lat' dir='ltr'><strong>et</strong></span> 
     </span>
     <span class='ocr_line' id='line_1_33' title="bbox 365 2741 2630 2827; baseline 0.001 -21"><span class='ocrx_word' id='word_1_218' title='bbox 365 2763 513 2807; x_wconf 90' lang='lat' dir='ltr'><strong>cum</strong></span> <span class='ocrx_word' id='word_1_219' title='bbox 556 2743 783 2807; x_wconf 90' lang='lat' dir='ltr'><strong>humili</strong></span> <span class='ocrx_word' id='word_1_220' title='bbox 827 2741 1294 2827; x_wconf 89' lang='lat' dir='ltr'><strong>supplicatione</strong></span> <span class='ocrx_word' id='word_1_221' title='bbox 1340 2743 1843 2808; x_wconf 90' lang='lat' dir='ltr'><strong>consolationem</strong></span> <span class='ocrx_word' id='word_1_222' title='bbox 1892 2748 2231 2827; x_wconf 85' lang='lat' dir='ltr'><strong>expectare</strong></span> <span class='ocrx_word' id='word_1_223' title='bbox 2286 2743 2409 2808; x_wconf 87' lang='lat' dir='ltr'><strong>sibi</strong></span> <span class='ocrx_word' id='word_1_224' title='bbox 2451 2765 2630 2809; x_wconf 82' lang='lat' dir='ltr'><strong>vera-</strong></span> 
     </span>
     <span class='ocr_line' id='line_1_34' title="bbox 367 2827 2630 2912; baseline 0 -20"><span class='ocrx_word' id='word_1_225' title='bbox 367 2829 528 2892; x_wconf 90' lang='lat' dir='ltr'><strong>citer</strong></span> <span class='ocrx_word' id='word_1_226' title='bbox 567 2828 1002 2912; x_wconf 83' lang='lat' dir='ltr'><strong>profuturam3</strong></span> <span class='ocrx_word' id='word_1_227' title='bbox 1060 2831 1398 2912; x_wconf 90' lang='lat' dir='ltr'><strong>saciusque</strong></span> <span class='ocrx_word' id='word_1_228' title='bbox 1451 2829 1735 2893; x_wconf 90' lang='lat' dir='ltr'><strong>arbitror</strong></span> <span class='ocrx_word' id='word_1_229' title='bbox 1786 2849 1953 2906; x_wconf 91' lang='lat' dir='ltr'><strong>esse,</strong></span> <span class='ocrx_word' id='word_1_230' title='bbox 2009 2827 2214 2893; x_wconf 89' lang='lat' dir='ltr'><strong>alcius</strong></span> <span class='ocrx_word' id='word_1_231' title='bbox 2270 2827 2349 2892; x_wconf 91' lang='lat' dir='ltr'><strong>de</strong></span> <span class='ocrx_word' id='word_1_232' title='bbox 2404 2829 2509 2894; x_wconf 91' lang='lat' dir='ltr'><strong>die</strong></span> <span class='ocrx_word' id='word_1_233' title='bbox 2564 2830 2630 2893; x_wconf 92' lang='lat' dir='ltr'><strong>in</strong></span> 
     </span>
     <span class='ocr_line' id='line_1_35' title="bbox 366 2912 2631 3002; baseline 0 -24"><span class='ocrx_word' id='word_1_234' title='bbox 366 2913 536 2979; x_wconf 90' lang='lat' dir='ltr'><strong>diem</strong></span> <span class='ocrx_word' id='word_1_235' title='bbox 594 2913 969 2992; x_wconf 88' lang='lat' dir='ltr'><strong>ascendere,</strong></span> <span class='ocrx_word' id='word_1_236' title='bbox 1039 2936 1234 2998; x_wconf 90' lang='lat' dir='ltr'><strong>quam</strong></span> <span class='ocrx_word' id='word_1_237' title='bbox 1289 2916 1544 2980; x_wconf 87' lang='lat' dir='ltr'><strong>ruinam</strong></span> <span class='ocrx_word' id='word_1_238' title='bbox 1603 2913 2148 2998; x_wconf 86' lang='lat' dir='ltr'><strong>inexuperabilem</strong></span> <span class='ocrx_word' id='word_1_239' title='bbox 2209 2912 2469 3002; x_wconf 87' lang='lat' dir='ltr'><strong>[subito]</strong></span> <span class='ocrx_word' id='word_1_240' title='bbox 2534 2916 2631 2979; x_wconf 91' lang='lat' dir='ltr'><strong>in-</strong></span> 
     </span>
     <span class='ocr_line' id='line_1_36' title="bbox 368 2998 2629 3084; baseline 0.001 -22"><span class='ocrx_word' id='word_1_241' title='bbox 368 3019 644 3064; x_wconf 91' lang='lat' dir='ltr'><strong>currere.</strong></span> <span class='ocrx_word' id='word_1_242' title='bbox 708 2998 1012 3064; x_wconf 86' lang='lat' dir='ltr'><strong>Libenter</strong></span> <span class='ocrx_word' id='word_1_243' title='bbox 1046 3007 1343 3083; x_wconf 88' lang='lat' dir='ltr'><strong>nepotem</strong></span> <span class='ocrx_word' id='word_1_244' title='bbox 1380 3022 1593 3067; x_wconf 90' lang='lat' dir='ltr'><strong>meum</strong></span> <span class='ocrx_word' id='word_1_245' title='bbox 1632 3000 1855 3084; x_wconf 88' lang='lat' dir='ltr'><strong>aliqua</strong></span> <span class='ocrx_word' id='word_1_246' title='bbox 1885 3020 1964 3064; x_wconf 88' lang='lat' dir='ltr'><strong>ex</strong></span> <span class='ocrx_word' id='word_1_247' title='bbox 1988 3005 2175 3084; x_wconf 90' lang='lat' dir='ltr'><strong>parte</strong></span> <span class='ocrx_word' id='word_1_248' title='bbox 2202 2999 2629 3079; x_wconf 85' lang='lat' dir='ltr'><strong>defenderem,</strong></span> 
     </span>
    </p>

    <p class='ocr_par' dir='ltr' id='par_1_12' title="bbox 367 3084 2628 3170">
     <span class='ocr_line' id='line_1_37' title="bbox 367 3084 2628 3170; baseline 0.001 -21"><span class='ocrx_word' id='word_1_249' title='bbox 367 3084 424 3149; x_wconf 88' lang='lat' dir='ltr'><strong>si</strong></span> <span class='ocrx_word' id='word_1_250' title='bbox 458 3085 793 3150; x_wconf 88' lang='lat' dir='ltr'><strong>veritatem</strong></span> <span class='ocrx_word' id='word_1_251' title='bbox 830 3106 871 3150; x_wconf 90' lang='lat' dir='ltr'><strong>a</strong></span> <span class='ocrx_word' id='word_1_252' title='bbox 908 3086 1156 3151; x_wconf 88' lang='lat' dir='ltr'><strong>cunctis</strong></span> <span class='ocrx_word' id='word_1_253' title='bbox 1192 3084 1488 3152; x_wconf 90' lang='lat' dir='ltr'><strong>fidelibus</strong></span> <span class='ocrx_word' id='word_1_254' title='bbox 1524 3084 1967 3151; x_wconf 88' lang='lat' dir='ltr'><strong>honorandam</strong></span> <span class='ocrx_word' id='word_1_255' title='bbox 1993 3085 2278 3170; x_wconf 90' lang='lat' dir='ltr'><strong>polluere</strong></span> <span class='ocrx_word' id='word_1_256' title='bbox 2306 3086 2628 3153; x_wconf 87' lang='lat' dir='ltr'><strong>auderem.</strong></span> 
     </span>
    </p>

    <p class='ocr_par' dir='ltr' id='par_1_13' title="bbox 365 3169 2937 4198">
     <span class='ocr_line' id='line_1_38' title="bbox 540 3169 2629 3256; baseline 0.001 -22"><span class='ocrx_word' id='word_1_257' title='bbox 540 3169 641 3235; x_wconf 86' lang='lat'><strong>33.</strong></span> <span class='ocrx_word' id='word_1_258' title='bbox 723 3169 1094 3255; x_wconf 90' lang='lat' dir='ltr'><strong>Approbata</strong></span> <span class='ocrx_word' id='word_1_259' title='bbox 1157 3178 1310 3236; x_wconf 89' lang='lat' dir='ltr'><strong>sunt</strong></span> <span class='ocrx_word' id='word_1_260' title='bbox 1370 3173 1438 3237; x_wconf 91' lang='lat' dir='ltr'><strong>in</strong></span> <span class='ocrx_word' id='word_1_261' title='bbox 1499 3173 1727 3236; x_wconf 92' lang='lat' dir='ltr'><strong>multis</strong></span> <span class='ocrx_word' id='word_1_262' title='bbox 1790 3172 2205 3256; x_wconf 88' lang='lat' dir='ltr'><strong>antiquorum</strong></span> <span class='ocrx_word' id='word_1_263' title='bbox 2265 3172 2629 3255; x_wconf 87' lang='lat' dir='ltr'><strong>proverbia:</strong></span> 
     </span>
     <span class='ocr_line' id='line_1_39' title="bbox 368 3255 2629 3341; baseline 0.002 -23"><span class='ocrx_word' id='word_1_264' title='bbox 368 3255 729 3320; x_wconf 89' lang='lat' dir='ltr'><strong>inveterata</strong></span> <span class='ocrx_word' id='word_1_265' title='bbox 780 3257 996 3341; x_wconf 91' lang='lat' dir='ltr'><strong>populi</strong></span> <span class='ocrx_word' id='word_1_266' title='bbox 1049 3257 1342 3322; x_wconf 84' lang='lat' dir='ltr'><strong>facinora</strong></span> <span class='ocrx_word' id='word_1_267' title='bbox 1395 3279 1625 3341; x_wconf 90' lang='lat' dir='ltr'><strong>parere</strong></span> <span class='ocrx_word' id='word_1_268' title='bbox 1678 3279 1844 3322; x_wconf 89' lang='lat' dir='ltr'><strong>nova</strong></span> <span class='ocrx_word' id='word_1_269' title='bbox 1896 3257 2051 3323; x_wconf 89' lang='lat' dir='ltr'><strong>mali</strong></span> <span class='ocrx_word' id='word_1_270' title='bbox 2102 3257 2369 3340; x_wconf 88' lang='lat' dir='ltr'><strong>pudoris</strong></span> <span class='ocrx_word' id='word_1_271' title='bbox 2434 3259 2629 3323; x_wconf 89' lang='lat' dir='ltr'><strong>detri-</strong></span> 
     </span>
     <span class='ocr_line' id='line_1_40' title="bbox 367 3341 2630 3428; baseline 0.002 -23"><span class='ocrx_word' id='word_1_272' title='bbox 367 3347 602 3405; x_wconf 89' lang='lat' dir='ltr'><strong>menta.</strong></span> <span class='ocrx_word' id='word_1_273' title='bbox 693 3341 982 3426; x_wconf 89' lang='lat' dir='ltr'><strong>Namque</strong></span> <span class='ocrx_word' id='word_1_274' title='bbox 1027 3343 1201 3426; x_wconf 91' lang='lat' dir='ltr'><strong>patri</strong></span> <span class='ocrx_word' id='word_1_275' title='bbox 1245 3344 1414 3428; x_wconf 87' lang='lat' dir='ltr'><strong>regis</strong></span> <span class='ocrx_word' id='word_1_276' title='bbox 1457 3344 1712 3426; x_wconf 88' lang='lat' dir='ltr'><strong>genitor</strong></span> <span class='ocrx_word' id='word_1_277' title='bbox 1756 3344 1945 3408; x_wconf 89' lang='lat' dir='ltr'><strong>istius</strong></span> <span class='ocrx_word' id='word_1_278' title='bbox 1990 3363 2118 3409; x_wconf 90' lang='lat' dir='ltr'><strong>non</strong></span> <span class='ocrx_word' id='word_1_279' title='bbox 2159 3352 2233 3408; x_wconf 87' lang='lat' dir='ltr'><strong>ut</strong></span> <span class='ocrx_word' id='word_1_280' title='bbox 2267 3344 2469 3424; x_wconf 80' lang='lat' dir='ltr'><strong>mileS,</strong></span> <span class='ocrx_word' id='word_1_281' title='bbox 2517 3343 2630 3410; x_wconf 90' lang='lat' dir='ltr'><strong>sed</strong></span> 
     </span>
     <span class='ocr_line' id='line_1_41' title="bbox 368 3427 2630 3514; baseline 0.003 -23"><span class='ocrx_word' id='word_1_282' title='bbox 368 3433 442 3492; x_wconf 93' lang='lat' dir='ltr'><strong>ut</strong></span> <span class='ocrx_word' id='word_1_283' title='bbox 492 3427 791 3492; x_wconf 89' lang='lat' dir='ltr'><strong>inimicus</strong></span> <span class='ocrx_word' id='word_1_284' title='bbox 845 3448 995 3512; x_wconf 86' lang='lat' dir='ltr'><strong>sepe</strong></span> <span class='ocrx_word' id='word_1_285' title='bbox 1048 3429 1298 3494; x_wconf 89' lang='lat' dir='ltr'><strong>resistit</strong></span> <span class='ocrx_word' id='word_1_286' title='bbox 1351 3431 1941 3513; x_wconf 91' lang='lat' dir='ltr'><strong>imperatorumque</strong></span> <span class='ocrx_word' id='word_1_287' title='bbox 2001 3438 2279 3513; x_wconf 90' lang='lat' dir='ltr'><strong>partem,</strong></span> <span class='ocrx_word' id='word_1_288' title='bbox 2354 3436 2429 3495; x_wconf 94' lang='lat' dir='ltr'><strong>ut</strong></span> <span class='ocrx_word' id='word_1_289' title='bbox 2492 3431 2630 3514; x_wconf 89' lang='lat' dir='ltr'><strong>ipse</strong></span> 
     </span>
     <span class='ocr_line' id='line_1_42' title="bbox 366 3512 2627 3596; baseline 0.004 -20"><span class='ocrx_word' id='word_1_290' title='bbox 366 3519 644 3578; x_wconf 89' lang='lat' dir='ltr'><strong>testatus</strong></span> <span class='ocrx_word' id='word_1_291' title='bbox 697 3518 823 3593; x_wconf 89' lang='lat' dir='ltr'><strong>est,</strong></span> <span class='ocrx_word' id='word_1_292' title='bbox 886 3513 969 3578; x_wconf 93' lang='lat' dir='ltr'><strong>ob</strong></span> <span class='ocrx_word' id='word_1_293' title='bbox 1031 3512 1474 3581; x_wconf 86' lang='lat' dir='ltr'><strong>confirmatam</strong></span> <span class='ocrx_word' id='word_1_294' title='bbox 1537 3515 1959 3580; x_wconf 85' lang='lat' dir='ltr'><strong>sacramentis</strong></span> <span class='ocrx_word' id='word_1_295' title='bbox 2023 3515 2302 3596; x_wconf 88' lang='lat' dir='ltr'><strong>gratiam</strong></span> <span class='ocrx_word' id='word_1_296' title='bbox 2361 3515 2627 3586; x_wconf 81' lang='lat' dir='ltr'><strong>adiuvit.</strong></span> 
     </span>
     <span class='ocr_line' id='line_1_43' title="bbox 368 3598 2631 3685; baseline 0.002 -21"><span class='ocrx_word' id='word_1_297' title='bbox 368 3598 678 3664; x_wconf 87' lang='lat' dir='ltr'><strong>Similiter</strong></span> <span class='ocrx_word' id='word_1_298' title='bbox 724 3605 789 3664; x_wconf 91' lang='lat' dir='ltr'><strong>et</strong></span> <span class='ocrx_word' id='word_1_299' title='bbox 831 3600 954 3665; x_wconf 91' lang='lat' dir='ltr'><strong>iste</strong></span> <span class='ocrx_word' id='word_1_300' title='bbox 1000 3622 1204 3685; x_wconf 89' lang='lat' dir='ltr'><strong>usque</strong></span> <span class='ocrx_word' id='word_1_301' title='bbox 1248 3602 1315 3665; x_wconf 91' lang='lat' dir='ltr'><strong>in</strong></span> <span class='ocrx_word' id='word_1_302' title='bbox 1352 3600 1543 3665; x_wconf 90' lang='lat' dir='ltr'><strong>finem</strong></span> <span class='ocrx_word' id='word_1_303' title='bbox 1581 3601 1791 3667; x_wconf 88' lang='lat' dir='ltr'><strong>ultimi</strong></span> <span class='ocrx_word' id='word_1_304' title='bbox 1829 3600 2085 3666; x_wconf 90' lang='lat' dir='ltr'><strong>Ottonis</strong></span> <span class='ocrx_word' id='word_1_305' title='bbox 2123 3601 2183 3665; x_wconf 91' lang='lat' dir='ltr'><strong>ei</strong></span> <span class='ocrx_word' id='word_1_306' title='bbox 2231 3599 2438 3666; x_wconf 87' lang='lat' dir='ltr'><strong>fidelis</strong></span> <span class='ocrx_word' id='word_1_307' title='bbox 2491 3611 2631 3669; x_wconf 89' lang='lat' dir='ltr'><strong>erat</strong></span> 
     </span>
     <span class='ocr_line' id='line_1_44' title="bbox 366 3685 2631 3770; baseline 0.002 -21"><span class='ocrx_word' id='word_1_308' title='bbox 366 3685 733 3768; x_wconf 91' lang='lat' dir='ltr'><strong>seniorique</strong></span> <span class='ocrx_word' id='word_1_309' title='bbox 786 3706 901 3749; x_wconf 91' lang='lat' dir='ltr'><strong>suo</strong></span> <span class='ocrx_word' id='word_1_310' title='bbox 954 3707 1157 3770; x_wconf 90' lang='lat' dir='ltr'><strong>usque</strong></span> <span class='ocrx_word' id='word_1_311' title='bbox 1211 3687 1294 3752; x_wconf 91' lang='lat' dir='ltr'><strong>ad</strong></span> <span class='ocrx_word' id='word_1_312' title='bbox 1337 3687 1500 3752; x_wconf 88' lang='lat' dir='ltr'><strong>haec</strong></span> <span class='ocrx_word' id='word_1_313' title='bbox 1543 3687 1828 3751; x_wconf 87' lang='lat' dir='ltr'><strong>infelicia</strong></span> <span class='ocrx_word' id='word_1_314' title='bbox 1874 3693 2175 3751; x_wconf 91' lang='lat' dir='ltr'><strong>strennue</strong></span> <span class='ocrx_word' id='word_1_315' title='bbox 2220 3688 2631 3754; x_wconf 89' lang='lat' dir='ltr'><strong>ministrabat</strong></span> 
     </span>
     <span class='ocr_line' id='line_1_45' title="bbox 365 3771 2937 3872; baseline 0.002 -38"><span class='ocrx_word' id='word_1_316' title='bbox 365 3783 670 3855; x_wconf 89' lang='lat' dir='ltr'><strong>tempora.</strong></span> <span class='ocrx_word' id='word_1_317' title='bbox 759 3771 870 3836; x_wconf 90' lang='lat' dir='ltr'><strong>Set</strong></span> <span class='ocrx_word' id='word_1_318' title='bbox 911 3773 1049 3856; x_wconf 90' lang='lat' dir='ltr'><strong>regi</strong></span> <span class='ocrx_word' id='word_1_319' title='bbox 1092 3784 1316 3838; x_wconf 77' lang='lat' dir='ltr'><strong>secreto</strong></span> <span class='ocrx_word' id='word_1_320' title='bbox 1359 3773 1583 3838; x_wconf 77' lang='lat' dir='ltr'><strong>mentis</strong></span> <span class='ocrx_word' id='word_1_321' title='bbox 1628 3773 1857 3837; x_wconf 80' lang='lat' dir='ltr'><strong>latebat</strong></span> <span class='ocrx_word' id='word_1_322' title='bbox 1899 3783 2209 3858; x_wconf 72' lang='lat' dir='ltr'><strong>repostum</strong></span> <span class='ocrx_word' id='word_1_323' title='bbox 2249 3775 2456 3858; x_wconf 88' lang='lat' dir='ltr'><strong>patris</strong></span> <span class='ocrx_word' id='word_1_324' title='bbox 2502 3777 2631 3839; x_wconf 91' lang='lat' dir='ltr'><strong>sui·</strong></span> <span class='ocrx_word' id='word_1_325' title='bbox 2658 3775 2937 3872; x_wconf 43' lang='lat' dir='ltr'><strong>“fig-230⁰·</strong></span> 
     </span>
     <span class='ocr_line' id='line_1_46' title="bbox 368 3856 2861 3945; baseline 0.002 -24"><span class='ocrx_word' id='word_1_326' title='bbox 368 3877 492 3940; x_wconf 90' lang='lat' dir='ltr'><strong>que</strong></span> <span class='ocrx_word' id='word_1_327' title='bbox 554 3858 728 3923; x_wconf 89' lang='lat' dir='ltr'><strong>zelus</strong></span> <span class='ocrx_word' id='word_1_328' title='bbox 791 3856 1132 3926; x_wconf 89' lang='lat' dir='ltr'><strong>infinitum.</strong></span> <span class='ocrx_word' id='word_1_329' title='bbox 1247 3858 1444 3942; x_wconf 90' lang='lat' dir='ltr'><strong>Spero</strong></span> <span class='ocrx_word' id='word_1_330' title='bbox 1513 3859 1758 3936; x_wconf 76' lang='lat' dir='ltr'><strong>autem,</strong></span> <span class='ocrx_word' id='word_1_331' title='bbox 1831 3858 2000 3941; x_wconf 85' lang='lat' dir='ltr'><strong>quod</strong></span> <span class='ocrx_word' id='word_1_332' title='bbox 2070 3856 2195 3924; x_wconf 91' lang='lat' dir='ltr'><strong>hoc</strong></span> <span class='ocrx_word' id='word_1_333' title='bbox 2261 3880 2445 3924; x_wconf 90' lang='lat' dir='ltr'><strong>omne</strong></span> <span class='ocrx_word' id='word_1_334' title='bbox 2514 3881 2629 3945; x_wconf 92' lang='lat' dir='ltr'><strong>pro</strong></span> <span class='ocrx_word' id='word_1_335' title='bbox 2758 3858 2768 3876; x_wconf 88' lang='lat'><strong><em>&#39;</em></strong></span> <span class='ocrx_word' id='word_1_336' title='bbox 2848 3859 2861 3872; x_wconf 71' lang='lat'><em>⁶</em></span> 
     </span>
     <span class='ocr_line' id='line_1_47' title="bbox 368 3942 2629 4028; baseline 0.001 -20"><span class='ocrx_word' id='word_1_337' title='bbox 368 3963 586 4008; x_wconf 89' lang='lat' dir='ltr'><strong>amore</strong></span> <span class='ocrx_word' id='word_1_338' title='bbox 649 3942 892 4009; x_wconf 88' lang='lat' dir='ltr'><strong>Christi</strong></span> <span class='ocrx_word' id='word_1_339' title='bbox 954 3944 1232 4008; x_wconf 89' lang='lat' dir='ltr'><strong>inultum</strong></span> <span class='ocrx_word' id='word_1_340' title='bbox 1294 3945 1573 4028; x_wconf 80' lang='lat' dir='ltr'><strong>semperf</strong></span> <span class='ocrx_word' id='word_1_341' title='bbox 1629 3944 2049 4028; x_wconf 91' lang='lat' dir='ltr'><strong>relinqueret,</strong></span> <span class='ocrx_word' id='word_1_342' title='bbox 2130 3945 2187 4008; x_wconf 90' lang='lat' dir='ltr'><strong>si</strong></span> <span class='ocrx_word' id='word_1_343' title='bbox 2254 3943 2427 4009; x_wconf 87' lang='lat' dir='ltr'><strong>hunc</strong></span> <span class='ocrx_word' id='word_1_344' title='bbox 2498 3952 2629 4011; x_wconf 90' lang='lat' dir='ltr'><strong>tam</strong></span> 
     </span>
     <span class='ocr_line' id='line_1_48' title="bbox 371 4027 2631 4114; baseline 0.002 -21"><span class='ocrx_word' id='word_1_345' title='bbox 371 4027 718 4094; x_wconf 88' lang='lat' dir='ltr'><strong>crudeliter</strong></span> <span class='ocrx_word' id='word_1_346' title='bbox 771 4034 839 4094; x_wconf 89' lang='lat' dir='ltr'><strong>et</strong></span> <span class='ocrx_word' id='word_1_347' title='bbox 889 4051 1034 4095; x_wconf 89' lang='lat' dir='ltr'><strong>cum</strong></span> <span class='ocrx_word' id='word_1_348' title='bbox 1090 4031 1362 4095; x_wconf 86' lang='lat' dir='ltr'><strong>caeteris</strong></span> <span class='ocrx_word' id='word_1_349' title='bbox 1416 4029 1540 4095; x_wconf 90' lang='lat' dir='ltr'><strong>sibi</strong></span> <span class='ocrx_word' id='word_1_350' title='bbox 1593 4029 1959 4095; x_wconf 77' lang='lat' dir='ltr'><strong>contra*riis</strong></span> <span class='ocrx_word' id='word_1_351' title='bbox 2012 4037 2232 4114; x_wconf 88' lang='lat' dir='ltr'><strong>aperte</strong></span> <span class='ocrx_word' id='word_1_352' title='bbox 2286 4030 2412 4095; x_wconf 90' lang='lat' dir='ltr'><strong>sibi</strong></span> <span class='ocrx_word' id='word_1_353' title='bbox 2460 4033 2631 4097; x_wconf 90' lang='lat' dir='ltr'><strong>reni-</strong></span> 
     </span>
     <span class='ocr_line' id='line_1_49' title="bbox 367 4115 2631 4198; baseline 0.003 -21"><span class='ocrx_word' id='word_1_354' title='bbox 367 4121 608 4180; x_wconf 91' lang='lat' dir='ltr'><strong>tentem</strong></span> <span class='ocrx_word' id='word_1_355' title='bbox 660 4135 788 4180; x_wconf 90' lang='lat' dir='ltr'><strong>non</strong></span> <span class='ocrx_word' id='word_1_356' title='bbox 849 4122 1164 4182; x_wconf 86' lang='lat' dir='ltr'><strong>cerneret.</strong></span> <span class='ocrx_word' id='word_1_357' title='bbox 1270 4116 1615 4181; x_wconf 90' lang='lat' dir='ltr'><strong>Heinricus</strong></span> <span class='ocrx_word' id='word_1_358' title='bbox 1676 4115 1963 4182; x_wconf 86' lang='lat' dir='ltr'><strong>marchio</strong></span> <span class='ocrx_word' id='word_1_359' title='bbox 2025 4115 2316 4198; x_wconf 89' lang='lat' dir='ltr'><strong>quamvis</strong></span> <span class='ocrx_word' id='word_1_360' title='bbox 2378 4117 2445 4180; x_wconf 91' lang='lat' dir='ltr'><strong>in</strong></span> <span class='ocrx_word' id='word_1_361' title='bbox 2506 4117 2631 4183; x_wconf 91' lang='lat' dir='ltr'><strong>hoc</strong></span> 
     </span>
    </p>
   </div>
   <div class='ocr_carea' id='block_1_10' title="bbox 368 4225 2627 4329">
    <p class='ocr_par' dir='ltr' id='par_1_14' title="bbox 368 4225 2627 4329">
     <span class='ocr_line' id='line_1_50' title="bbox 368 4225 2627 4329; baseline 0.002 -63"><span class='ocrx_word' id='word_1_362' title='bbox 368 4229 412 4327; x_wconf 56' lang='lat' dir='ltr'><strong>z)</strong></span> <span class='ocrx_word' id='word_1_363' title='bbox 430 4225 771 4329; x_wconf 47' lang='grc' dir='ltr'><strong>ἷοοὲιῖίοῖἑιέἰε.</strong></span> <span class='ocrx_word' id='word_1_364' title='bbox 842 4226 891 4280; x_wconf 85' lang='lat' dir='ltr'><strong>b)</strong></span> <span class='ocrx_word' id='word_1_365' title='bbox 918 4227 1084 4268; x_wconf 74' lang='lat' dir='ltr'><strong>solavit</strong></span> <span class='ocrx_word' id='word_1_366' title='bbox 1100 4227 1153 4279; x_wconf 76' lang='lat' dir='ltr'><strong>A,</strong></span> <span class='ocrx_word' id='word_1_367' title='bbox 1179 4237 1292 4268; x_wconf 77' lang='lat' dir='ltr'><strong>corr.</strong></span> <span class='ocrx_word' id='word_1_368' title='bbox 1313 4229 1362 4268; x_wconf 76' lang='grc' dir='ltr'><strong>Τ.</strong></span> <span class='ocrx_word' id='word_1_369' title='bbox 1436 4227 1477 4278; x_wconf 87' lang='lat' dir='ltr'><strong>c)</strong></span> <span class='ocrx_word' id='word_1_370' title='bbox 1499 4228 1775 4276; x_wconf 65' lang='lat' dir='ltr'><strong>rogatianum</strong></span> <span class='ocrx_word' id='word_1_371' title='bbox 1798 4230 1836 4267; x_wconf 84' lang='lat'><strong>1.</strong></span> <span class='ocrx_word' id='word_1_372' title='bbox 1909 4225 1957 4279; x_wconf 79' lang='lat' dir='ltr'><strong>d)</strong></span> <span class='ocrx_word' id='word_1_373' title='bbox 1981 4227 2148 4277; x_wconf 73' lang='lat' dir='ltr'><strong>positos</strong></span> <span class='ocrx_word' id='word_1_374' title='bbox 2175 4226 2229 4268; x_wconf 76' lang='lat' dir='ltr'><strong>A.</strong></span> <span class='ocrx_word' id='word_1_375' title='bbox 2300 4225 2343 4278; x_wconf 84' lang='lat' dir='ltr'><strong>e)</strong></span> <span class='ocrx_word' id='word_1_376' title='bbox 2370 4233 2559 4277; x_wconf 67' lang='lat' dir='ltr'><strong>augusta</strong></span> <span class='ocrx_word' id='word_1_377' title='bbox 2574 4230 2627 4271; x_wconf 83' lang='lat' dir='ltr'><strong>A.</strong></span> 
     </span>
     <span class='ocr_line' id='line_1_51' title="bbox 565 4290 787 4320; baseline 0.009 -2"><span class='ocrx_word' id='word_1_378' title='bbox 565 4305 576 4318; x_wconf 91' lang='lat'><strong>.</strong></span> <span class='ocrx_word' id='word_1_379' title='bbox 723 4290 787 4320; x_wconf 74' lang='lat' dir='ltr'><strong>m.</strong></span> 
     </span>
    </p>
   </div>
   <div class='ocr_carea' id='block_1_11' title="bbox 369 4353 2631 4487">
    <p class='ocr_par' dir='ltr' id='par_1_15' title="bbox 369 4353 2631 4487">
     <span class='ocr_line' id='line_1_52' title="bbox 372 4353 2631 4427; baseline 0.004 -21"><span class='ocrx_word' id='word_1_380' title='bbox 372 4353 424 4416; x_wconf 93' lang='grc'><strong>1)</strong></span> <span class='ocrx_word' id='word_1_381' title='bbox 453 4356 650 4410; x_wconf 60' lang='lat' dir='ltr'><strong>Brimo</strong></span> <span class='ocrx_word' id='word_1_382' title='bbox 677 4356 850 4421; x_wconf 77' lang='lat' dir='ltr'><strong>frater</strong></span> <span class='ocrx_word' id='word_1_383' title='bbox 871 4358 1038 4426; x_wconf 66' lang='lat' dir='ltr'><strong>regie,</strong></span> <span class='ocrx_word' id='word_1_384' title='bbox 1063 4357 1163 4426; x_wconf 77' lang='lat' dir='ltr'><strong>qui</strong></span> <span class='ocrx_word' id='word_1_385' title='bbox 1180 4363 1371 4425; x_wconf 71' lang='lat' dir='ltr'><strong>postea</strong></span> <span class='ocrx_word' id='word_1_386' title='bbox 1397 4357 1783 4423; x_wconf 80' lang='lat'>(1006—1029)</span> <span class='ocrx_word' id='word_1_387' title='bbox 1814 4359 2099 4427; x_wconf 76' lang='lat' dir='ltr'><strong>episcopus</strong></span> <span class='ocrx_word' id='word_1_388' title='bbox 2118 4359 2481 4427; x_wconf 74' lang='lat' dir='ltr'><strong>Auyustanus</strong></span> <span class='ocrx_word' id='word_1_389' title='bbox 2502 4357 2631 4424; x_wconf 76' lang='lat' dir='ltr'><strong>fuit.</strong></span> 
     </span>
     <span class='ocr_line' id='line_1_53' title="bbox 369 4422 1452 4487; baseline 0.002 -11"><span class='ocrx_word' id='word_1_390' title='bbox 369 4424 423 4487; x_wconf 83' lang='lat'><strong>2)</strong></span> <span class='ocrx_word' id='word_1_391' title='bbox 461 4422 678 4480; x_wconf 79' lang='lat' dir='ltr'><strong>Scilicet</strong></span> <span class='ocrx_word' id='word_1_392' title='bbox 713 4425 1036 4481; x_wconf 74' lang='lat' dir='ltr'><strong>Heinricum</strong></span> <span class='ocrx_word' id='word_1_393' title='bbox 1071 4427 1452 4481; x_wconf 77' lang='lat' dir='ltr'><strong>marchionem.</strong></span> 
     </span>
    </p>
   </div>
  </div>
 </body>
</html>
