3100 5050
295 545 414 600 981.

451 375 518 431 58
1052 373 1462 429 ΤΗΙΕΤΜΑΒῙ
1499 372 1759 430 CHRON.
1828 373 1964 428 LIB.
2000 374 2105 429 ΙΙΙ.

447 529 607 594 haec
641 529 926 594 nomina:
975 527 1251 608 Scudici,
1297 527 1526 612 Cotug,
1567 528 1861 607 Vurcin⁸,
1907 526 2111 612 Bigni‚
2157 528 2435 612 Ilburgb‚
2483 528 2696 607 Dibni,

450 615 685 695 Paucss,
746 614 1125 680 Liubanici¹
1183 621 1251 680 et
1307 613 1645 680 Gezerisca
1660 613 1706 680 ².
1814 614 2149 699 Precepta,
2211 636 2375 698 quae
2434 635 2698 679 munera

451 701 692 784 regalia
744 721 859 766 seu
911 701 1250 786 inperialia
1305 699 1703 779 detinebant,
1756 708 1873 765 aut
1934 701 2069 784 igni
2120 698 2534 766 comburebat
2583 706 2701 766 aut

447 787 796 853 aecclesiae
855 808 1010 852 suae
1067 793 1316 852 mutato
1375 787 1628 851 nomine
1687 785 2011 870 designari
2063 785 2274 852 fecit-²³.
2376 786 2699 870 Mancipia

447 880 510 939 et
570 879 805 951 totum,
880 872 1048 958 quod
1115 872 1486 956 Merseburg
1545 894 1651 937 res
1698 873 1863 936 icere
1926 871 2173 952 debuit,
2244 893 2325 936 ne
2395 892 2698 955 umquam

447 957 872 1043 colligeretur,
943 965 1166 1043 sponte
1221 957 1555 1042 dispergit;
1622 979 1663 1022 a
1708 957 1960 1024 baciam
2014 958 2107 1023 ibi
2152 958 2409 1024 statuit4
2463 958 2699 1022 eidem-

447 1066 570 1130 que
616 1045 1030 1123 Ohtradumd,
1084 1043 1511 1110 venerabilem
1565 1044 1644 1110 de
1696 1051 1919 1110 sancto
1966 1044 2252 1110 Iohanne
2295 1043 2698 1122 monachum,

394 1214 402 1220 ⁸
448 1130 735 1216 prefecit.
809 1132 1087 1215 Postque
1124 1131 1500 1196 Heimonem
1537 1131 1615 1195 de
1654 1129 1879 1195 eodem
1914 1132 2307 1197 monasterio
2340 1130 2695 1197 constituit.

137 1403 241 1458 982
253 1403 413 1470 (983).

187 1497 300 1546 Τις.
328 1497 420 1537 chr.

141 2012 279 2052 nath.
301 2013 340 2064 5,
355 2013 421 2053 45.

239 2099 340 2138 Iun.
358 2099 426 2138 89.

272 2271 358 2310 Iul.
377 2272 418 2311 2.

450 1217 578 1284 Sed
632 1239 802 1367 ‹qu'ae
867 1239 972 1282 res
1042 1217 1549 1282 destruccionem
1622 1217 1789 1282 hanc
1858 1216 2425 1301 subsequerentur,
2496 1216 2701 1283 lector

449 1309 626 1370 atten
678 1325 736 1368 e.

624 1392 722 1456 17.
771 1389 933 1473 (10.)
997 1387 1250 1467 Gentes,
1296 1409 1462 1472 quae
1498 1395 1797 1472 suscepta
1833 1388 2305 1454 christianitate
2345 1389 2602 1472 regibus
2639 1394 2702 1453 et

451 1475 926 1559 inperatoribus
970 1474 1312 1539 tributarie
1359 1474 1746 1553 serviebant,
1802 1474 2103 1559 superbia
2147 1474 2470 1540 Thiedrici
2518 1473 2701 1539 ducis

447 1566 833 1645 aggravatae
928 1561 1418 1645 presumpcione
1442 1573 1468 1602 Θ
1571 1561 1859 1626 unanimi
1946 1581 2126 1626 arma
2215 1566 2699 1627 commoverant.

449 1647 636 1727 Quod
687 1647 860 1732 patri
913 1668 1054 1711 meo
1108 1647 1326 1711 comiti
1382 1646 1715 1731 sigifrido,
1768 1648 2141 1732 priusquam
2195 1646 2403 1727 fieret,
2462 1647 2552 1712 sic
2607 1668 2703 1711 re-

447 1735 727 1800 velatum
771 1741 886 1798 est.
980 1731 1159 1798 Vidit
1199 1733 1265 1797 in
1312 1734 1555 1798 somnis
1590 1754 1803 1798 aerem
1840 1733 2010 1798 nube
2046 1731 2245 1798 densa
2283 1739 2701 1810 contractum,

451 1826 516 1886 et
565 1841 680 1904 pre
743 1818 1228 1897 ammiracione,
1305 1818 1494 1903 *quid
1545 1819 1669 1884 hoc
1721 1826 1916 1898 esset,
1986 1825 2399 1901 percontatus
2459 1817 2707 1884 audivit

447 1927 663 1972 vocem
708 1905 868 1970 talia
913 1905 1372 1988 proferentem:
1439 1903 1645 1971 ‘Nunc
1688 1905 1848 1970 illud
1894 1905 2197 1989 compleri
2249 1904 2441 1970 debet
2481 1904 2705 1969 vatici-

451 1993 655 2056 nium:
729 1992 907 2056 Pluit
959 1992 1128 2056 Deus
1184 2014 1371 2077 super
1429 1992 1644 2073 ius[tos
1704 2003 1759 2056 et
1816 1992 2141 2074 inimum?
2256 1990 2437 2069 Quod
2498 1991 2705 2054 eciam

457 2078 574 2142 III.
625 2077 764 2142 Kal.
813 2077 963 2141 Iulii
1009 2077 1243 2155 scelus,
1301 2097 1606 2160 percusso
1669 2077 1733 2141 in
1791 2077 2335 2160 Hawelbergiumf
2381 2075 2707 2162 presidio5

451 2164 905 2247 destructaque
958 2162 1193 2236 ibidem
1248 2163 1599 2247 episcopali
1662 2163 1993 2243 cathedra,
2061 2166 2336 2248 primum
2401 2163 2703 2228 exoritur.

449 2251 819 2315 Transactis
863 2255 1076 2313 autem
1115 2249 1312 2313 trium
1349 2250 1589 2330 spaciis
1639 2249 1885 2314 dierum
1934 2248 2305 2315 Sclavorum
2341 2250 2707 2334 conspirata

450 2357 680 2402 manus
746 2335 1406 2419 Brandeburgiensem
1462 2336 1927 2419 episcopatum,
1994 2334 2199 2423 [XXX
2252 2334 2497 2400 annos⁶
2557 2340 2706 2399 ante

452 2422 1140 2506 Magadaburgiensem
1186 2421 1602 2486 constitutum
1619 2420 1661 2508 ,]
1719 2442 1863 2485 cum
1917 2422 2046 2487 iam
2090 2423 2301 2506 prima
2354 2431 2705 2500 sonaretur,

451 2509 711 2591 invasit,
770 2509 1054 2592 fugiente
1099 2508 1276 2592 prius
1326 2506 1579 2596 [tercio]
1628 2508 1915 2574 antistite
1960 2506 2247 2573 eiusdem
2291 2507 2705 2587 Wolcmeross,

452 2601 516 2661 et
570 2595 906 2661 defensore
965 2592 1154 2682 [eius]
1202 2593 1539 2659 Thiedrico
1596 2616 1672 2659 ac
1716 2594 2030 2659 militibus
2074 2596 2217 2677 ipsa
2261 2594 2367 2657 die
2413 2595 2519 2659 vix
2565 2616 2707 2661 eva·

451 2681 770 2748 dentibus,
871 2679 1094 2746 Clerus
1147 2678 1383 2745 ibidem
1439 2681 1717 2765 capitur,
1774 2688 1837 2745 et
1885 2679 2141 2760 Dodilo,
2196 2679 2481 2745 eiusdem
2537 2680 2707 2744 sedis

451 2770 726 2833 antistes
801 2764 934 2853 11.]‚
981 2767 1093 2849 qui
1137 2786 1177 2831 a
1222 2767 1354 2830 suis
1402 2766 1844 2848 strangulatus
1888 2772 2019 2831 tres
2064 2788 2268 2832 annos
2313 2767 2516 2831 iacuit
2553 2775 2707 2831 tunc

453 2855 739 2937 sepultus
788 2904 802 2932 ,
867 2874 901 2917 e
944 2852 1189 2917 tumulo
1245 2851 1492 2917 eruitur
1545 2858 1627 2932 et,
1684 2854 1931 2936 integro
1988 2852 2198 2918 adhuc
2250 2852 2387 2917 eius
2442 2873 2706 2937 corpore

453 2963 529 3006 ac
559 2939 943 3005 sacerdotali
979 2944 1318 3022 apparatu,
1357 2937 1439 3003 ab
1475 2939 1688 3003 avaris
1727 2939 1991 3005 canibus
2026 2938 2337 3023 predatur
2375 2944 2439 3003 et
2472 2939 2707 3003 iterum

451 3034 692 3091 temere
744 3026 1105 3107 reponitur3
1169 3025 1376 3090 omnis
1443 3026 1751 3089 aecclesie
1806 3025 2147 3091 thesaurus
2210 3021 2593 3089 distrahitur
2644 3030 2709 3087 et

2734 1834 2755 1856 '⁴‘
2774 1835 2857 1885 sol.
2876 1836 2945 1874 43.

453 3114 714 3195 sanguis
766 3111 1116 3176 multorum
1167 3110 1625 3177 miserabiliter
1678 3110 2044 3176 effunditur.
2144 3110 2298 3175 Vice
2353 3109 2593 3175 Christi
2647 3119 2709 3175 et
2804 3163 2809 3165 .

451 3198 791 3286 piscatoris
837 3196 1126 3262 eiusdem
1170 3195 1551 3262 venerabilis
1589 3197 1762 3261 Petri
1798 3198 1979 3262 varia
2015 3196 2425 3261 demoniacae
2459 3195 2707 3261 heresis

454 3285 708 3352 cultura
742 3283 1038 3367 deinceps
1083 3286 1424 3348 veneratur
1474 3288 1538 3347 et
1572 3282 1804 3347 flebilis
1841 3282 1999 3347 haec
2027 3282 2306 3347 mutacio
2342 3303 2468 3346 non
2499 3282 2704 3347 solum

451 3394 493 3439 a
537 3370 900 3456 gentilibus,
946 3390 1160 3435 verum
1207 3370 1402 3434 etiam
1447 3390 1487 3433 a
1533 3368 1903 3434 christianis
1948 3368 2296 3433 extollitur.

453 3482 498 3536 a)
523 3486 696 3525 alterum
715 3494 743 3523 u
763 3482 865 3523 add.
887 3484 936 3523 T.
1039 3480 1086 3533 b)
1111 3482 1291 3529 hilburg
1308 3480 1357 3531 A,
1381 3481 1412 3520 h
1421 3484 1581 3533 puncto
1599 3482 1775 3521 deletum
1802 3483 1838 3521 et
1848 3483 1995 3531 postea
2021 3490 2183 3519 erasum
2204 3482 2244 3520 1.
2364 3479 2405 3529 c)
2432 3489 2459 3518 a
2484 3488 2647 3519 emtum
2669 3481 2703 3519 1.

451 3538 501 3641 ἐξ
518 3536 896 3639 Ρξίἱέαέυεωιάῃ
920 3590 960 3627 1.
991 3532 1034 3585 e)
1075 3534 1332 3585 §summoue
1368 3534 1419 3585 A,
1454 3544 1482 3583 p
1509 3534 1614 3573 add.
1646 3534 1693 3573 T.
1832 3530 1870 3585 f)
1913 3532 2154 3582 hauelberg
2179 3531 2369 3571 radendo
2394 3534 2499 3581 alqs.
2528 3542 2634 3571 corr.
2662 3532 2703 3571 1.

454 3667 733 3731 dicuntur,
781 3666 999 3720 minime
1043 3665 1368 3719 conveniunt
1409 3679 1532 3717 cum
1576 3663 1672 3727 eis,
1717 3678 1857 3731 quae
1895 3664 2237 3718 Thietmarus
2282 3666 2334 3729 I,
2378 3664 2414 3717 4
2457 3660 2707 3716 terminis

446 3736 587 3804 paqi
611 3734 863 3788 Glomaci
887 3735 1152 3801 ezr-posuit.
1191 3735 1230 3786 I
1232 3735 1307 3787 lla
1325 3748 1465 3801 pars
1485 3732 1783 3801 parochiae
1808 3731 1997 3797 fluviis
2024 3731 2304 3787 Cho-muita
2339 3737 2390 3786 et
2414 3732 2708 3797 Zschopau

455 3812 505 3860 et
529 3810 758 3871 utraque
784 3803 987 3857 Mulda
1022 3803 1238 3857 inclusa
1274 3802 1488 3856 videtur
1521 3801 1713 3866 fuisse.
1842 3800 1893 3865 1)
1940 3800 2265 3855 Schlceudite
2291 3800 2392 3862 (ad
2416 3800 2705 3864 Elatram),

455 3872 734 3928 Gautesch
759 3872 832 3932 (v.
853 3888 895 3925 s.
916 3872 1036 3936 III,
1067 3873 1139 3935 1),
1177 3870 1435 3935 Wurzen,
1465 3870 1708 3936 Parthen,
1735 3870 2056 3937 ffl'leubwry,
2085 3870 2300 3932 Duben,
2331 3868 2536 3930 Pouch,
2564 3868 2705 3922 Lo'b-

451 3944 566 3997 m'tz
591 3941 693 4003 (ad
711 3940 1004 4003 Muldam).
1053 3938 1209 3995 ΗΒΕ.
1313 3940 1367 4003 2)
1397 3938 1586 4007 Neque
1610 3938 1970 3994 Gerichshain
1996 3938 2175 4002 (Urs.)
2198 3954 2365 4006 neque
2386 3936 2707 3992 Gohritzsch

452 4012 704 4078 (Bottyer
731 4011 764 4063 l.
795 4012 890 4073 c.)‚·
925 4010 1074 4063 locus
1098 4009 1185 4061 ille
1211 4024 1320 4061 non
1344 4008 1456 4061 iam
1482 4014 1674 4063 exstat.
1779 4009 1833 4072 3)
1862 4007 2032 4063 Cuius
2048 4008 2132 4061 rei
2146 4006 2445 4073 emempzum
2463 4005 2707 4059 vidimus

451 4082 512 4133 in
547 4078 774 4134 abbatia
806 4078 1014 4133 Pohzde
1049 4093 1222 4144 supra
1258 4094 1301 4130 c.
1333 4079 1379 4130 1.
1448 4079 1515 4130 L.
1655 4076 1709 4139 4)
1746 4078 1835 4131 De
1869 4076 2026 4131 cuius
2052 4076 2383 4143 fundatione
2417 4090 2464 4127 v.
2502 4074 2706 4128 bullam

453 4148 744 4205 Benedicti
770 4148 905 4202 VII.
943 4164 995 4201 a.
1033 4148 1134 4201 983
1170 4146 1309 4213 Apr.
1336 4144 1403 4199 27
1439 4145 1611 4211 (Iaffd
1647 4142 1733 4210 2Ι,
1768 4146 1944 4209 3821).
2096 4144 2150 4210 5)
2191 4145 2314 4208 Qua
2346 4144 2407 4197 iu
2441 4159 2500 4197 re
2536 4142 2708 4197 Dudo

455 4212 2709 4351 iffssoei‘ffi'im²⁴53Vssvffamessssffsssssstffimfflissffaffissniffssss{gamm

455 4355 573 4419 948,
611 4353 1114 4420 archiepiscopatus
1146 4352 1633 4420 Maydeburqensis
1666 4367 1791 4405 vero
1830 4366 1975 4404 auno
2010 4351 2128 4413 968,
2158 4356 2314 4417 patet
2340 4350 2708 4403 Thietmarum

453 4425 515 4479 in
551 4424 647 4479 illo
683 4438 948 4478 annorum
983 4438 1208 4476 numero
1243 4436 1467 4476 errasse.
1537 4423 1605 4475 L.
1762 4420 1816 4487 7)
1853 4420 2113 4473 Mortuus
2147 4419 2317 4488 ἐρίων
2350 4422 2466 4473 erat
2500 4435 2552 4472 a.
2588 4418 2705 4473 980.
