3100 5050
177 2293 202 2317 *
227 2304 272 2343 ρ.
292 2294 383 2335 799.

1038 406 1448 461 ΤΗῙΕΤΜΑΒΙ
1481 404 1745 462 CHRON.
1814 406 1955 463 LIB.
1990 406 2053 464 V.
2571 408 2671 463 123

414 560 841 626 Theodericus
886 560 1022 626 solo
1067 561 1323 625 nomine
1369 559 1583 639 duces,
1639 559 1751 626 sed
1796 582 1922 626 non
1966 581 2056 639 re,
2101 559 2506 644 temptabant
2548 561 2671 627 hoc
2706 571 2857 628 1003.

414 646 744 730 impedire,
792 646 905 712 sed
951 646 1248 725 frustra⁸,
1306 647 1610 711 continuo
1654 646 2235 712 animadvertentes
2279 648 2531 712 auctori
2575 649 2671 712 iu-

414 734 631 799 stitiae
676 754 744 797 se
788 733 1020 797 merito
1065 731 1494 797 succumbere.
1596 731 1761 797 Nam
1805 754 1919 798 rex
1963 733 2291 817 quoddam
2335 733 2670 801 castellum

415 818 616 898 ducis
672 818 1002 901 Mulsberg
1045 818 1308 895 dictum,
1363 817 1443 883 ob
1487 817 1834 883 instantem
1878 820 2078 885 totius
2119 818 2345 904 populi
2396 818 2671 884 necessi-

414 911 610 972 tatem
640 904 885 970 destrui
929 911 994 969 et
1019 910 1093 968 ut
1127 924 1473 985 numquam
1523 902 2024 983 reedificaretur,
2060 902 2332 970 firmiter
2365 905 2671 989 precepit.

585 992 687 1059 28.
749 990 893 1055 Hiis
929 989 1173 1073 absque
1212 990 1603 1054 remotioneb
1631 992 1806 1055 omni
1843 991 2125 1075 peractis
2167 1012 2281 1056 rex
2308 990 2393 1055 ad
2422 992 2672 1074 Aquas-

412 1077 598 1160 grani
649 1077 773 1141 iter
824 1075 1170 1159 disposuit,
1235 1081 1308 1139 ut
1360 1074 1452 1138 ibi
1504 1076 2015 1141 anniversarium
2074 1076 2316 1141 domini
2368 1083 2435 1142 et
2494 1082 2672 1141 ante-

412 1162 685 1227 cessoris
730 1162 832 1226 sui
877 1160 1158 1227 cesarisl
1203 1181 1456 1225 summa
1509 1161 1847 1244 diligentia
1902 1162 2249 1246 compleret
2300 1168 2365 1227 et
2408 1162 2670 1227 Liutba·
2698 1178 2879 1219 tan-24·

412 1250 656 1314 rienses
720 1248 1108 1312 unanimiter
1167 1247 1597 1313 convenirent.
1714 1247 1915 1325 Quem
1986 1248 2276 1330 quamvis
2382 1248 2668 1313 aululum

411 1332 706 1399 tardaret
762 1334 1019 1399 interim
1077 1334 1303 1397 innata
1358 1332 1723 1410 infirmitas,
1792 1338 2005 1399 tamen
2068 1332 2154 1398 ad
2213 1354 2325 1417 per
2375 1332 2670 1398 ciendum

411 1420 572 1484 iusti
605 1419 908 1485 desiderii
944 1420 1348 1502 propositum
1383 1418 1621 1483 Christi
1658 1418 1751 1482 illi
1788 1419 2100 1503 aspiravit
2124 1420 2291 1485 vires
2325 1418 2673 1484 ineffabilis

409 1506 637 1591 pietas,
753 1505 915 1569 Dein
977 1505 1342 1569 Traiectum
1365 1500 1394 1547 ²
1457 1524 1676 1569 amore
1743 1506 1952 1571 sancti
2017 1505 2291 1587 presulis
2352 1502 2671 1571 Servatii³

410 1592 670 1656 veniens
723 1590 802 1656 de
844 1591 1048 1675 prelio
1094 1596 1460 1655 nostrorum
1505 1590 1674 1655 male
1732 1598 2017 1673 pugnato
2060 1590 2152 1655 ibi
2207 1597 2455 1655 certum
2501 1611 2671 1655 com·

411 1678 596 1760 perit.
684 1677 770 1741 Et
814 1678 966 1760 quia
1013 1697 1218 1751 omne,
1264 1676 1428 1760 quod
1469 1677 1679 1760 nequit
1721 1678 1980 1761 corriyi,
2024 1677 2292 1742 lenit-raro
2330 1678 2674 1762 patiencia,
2701 1666 2918 1767 ¹³⁰2f4·‚⁰1‘5¹,2
2940 1667 2979 1719 1’

411 1763 702 1846 quamvis
740 1764 1036 1844 graviter,
1077 1773 1296 1826 tamen
1336 1763 1661 1845 sapienter
1693 1762 1921 1825 audita
1956 1762 2218 1827 sustulit
2246 1761 2671 1827 incommoda.

411 1848 568 1913 Inde
638 1848 950 1913 Leodium
1030 1847 1110 1911 ob
1190 1846 1598 1931 impetranda
1668 1846 1908 1913 Christi
1990 1847 2275 1913 athletae
2343 1848 2673 1913 Lamberti

408 1936 774 2019 patrocinia
826 1934 1086 1997 veniens
1154 1934 1244 1997 ibi
1299 1932 1502 1997 colica
1568 1934 1871 2015 passione
1940 1934 2286 1999 admodum
2347 1942 2671 2017 gravatur,

411 2019 526 2083 sed
605 2018 922 2103 praedicti
1003 2020 1288 2083 martiris
1369 2019 1845 2084 intercessionis
1929 2018 2253 2103 suffragiis
2336 2020 2667 2087 liberatur.

412 2104 580 2168 Hinc
643 2103 729 2169 ad
789 2106 1194 2188 Aquasgrani
1266 2104 1522 2170 rediens
1593 2103 2103 2187 purificationem
2170 2106 2284 2171 Dei
2344 2105 2672 2189 genitricis
2699 2122 2828 2163 Febr·
2854 2122 2893 2163 2·

411 2190 650 2254 ibidem
686 2189 1138 2254 venerabiliter
1225 2190 1441 2273 eregit.
1525 2190 1681 2255 Inde
1726 2191 1810 2256 ad
1847 2189 2256 2275 Niumagun⁴
2304 2211 2673 2257 commeans

412 2276 703 2359 pluribus
748 2275 974 2341 diebus
1018 2297 1148 2359 qua
1195 2278 1551 2362 ragesimae
1596 2276 1687 2341 ibi
1731 2285 2047 2355 moratur,
2106 2278 2315 2362 primo
2370 2277 2671 2360 *regnum

413 2362 532 2426 Dei
584 2362 1029 2445 iustitiamque
1083 2363 1220 2427 eius
1274 2383 1613 2446 quaerere,
1677 2370 1901 2444 postea
1952 2363 2271 2428 humanae
2331 2362 2673 2447 fragilitati

411 2447 675 2512 studens
719 2450 1084 2513 necessaria
1130 2468 1487 2533 suggerere.

583 2537 686 2602 29.
731 2535 892 2620 (18.)
965 2535 1222 2600 Mortuo
1278 2536 1523 2600 interea
1582 2534 1745 2599 duce
1790 2533 2178 2600 Wlodoweio
2240 2534 2474 2600 fratres
2527 2556 2671 2618 pre-

409 2620 593 2698 dicti,
651 2642 783 2684 una
842 2641 988 2685 cum
1047 2627 1250 2686 matre
1309 2621 1627 2705 expulsi5,
1696 2641 1736 2683 a
1798 2619 2252 2685 Boemensibus
2311 2620 2671 2703 penitentia

410 2705 619 2770 ductis
646 2713 1046 2773 revocantur.
1113 2709 1286 2786 Quos
1315 2706 1697 2783 Bolizlavus,
1718 2705 2129 2771 Poleniorum
2157 2713 2383 2785 rector,
2406 2707 2669 2770 collecto

409 2792 692 2876 undique
747 2793 1030 2857 exercitu
1080 2800 1306 2873 petens
1361 2793 1596 2856 iterum
1644 2790 1890 2875 expulit
1942 2792 2444 2876 equivocumque
2482 2813 2669 2856 suum

409 2879 658 2943 exulem
704 2878 993 2961 pristinis
1039 2877 1389 2943 honoribus
1438 2876 1712 2961 prefecit
1758 2899 1950 2961 seque
1994 2878 2273 2956 domum,
2319 2878 2671 2942 latentibus

408 2963 662 3028 insidiis
720 2964 854 3028 s'uis
913 2964 1045 3028 alta
1098 2963 1329 3028 mentis
1382 2965 1764 3042 intentione,
1822 2965 2085 3049 recepit.
2188 2963 2448 3029 Sciebat
2500 2963 2669 3027 enim

408 3057 703 3133 nepotem
762 3070 945 3113 suum
1007 3049 1114 3112 se(1
1171 3049 1362 3114 nimis
1423 3049 1899 3114 vindicaturum
1956 3052 2021 3114 in
2083 3047 2447 3132 fautoribus
2514 3069 2669 3115 suae

409 3135 828 3217 expulsioniS‚
888 3155 1155 3219 sperans
1207 3155 1275 3198 se
1329 3143 1482 3199 tunc
1529 3136 1779 3199 meliori
1824 3137 2160 3200 occasione
2206 3137 2422 3200 forsan
2467 3137 2669 3200 intro-

407 3219 788 3285 ducendum.
881 3219 1064 3299 Quod
1109 3227 1175 3285 et
1219 3221 1311 3284 ita
1355 3220 1609 3285 accidit.
1702 3221 2041 3286 Enimvero
2088 3243 2229 3286 cum
2274 3222 2668 3286 Bolizlavus0

409 3306 784 3370 Boemensis
829 3314 1120 3371 cerneret
1161 3307 1472 3390 populum
1517 3328 1723 3384 suum,
1770 3307 2131 3372 execrando
2167 3309 2322 3372 ritui
2361 3307 2667 3386 deditum,

408 3394 474 3456 in
521 3393 801 3456 maxima
845 3392 1190 3457 securitate
1236 3394 1676 3473 constitutum,
1722 3394 2118 3473 impietatem
2168 3414 2350 3457 suam
2397 3393 2482 3458 ad
2523 3413 2669 3457 con-

407 3476 750 3560 fringenda
808 3476 1076 3542 foedera
1133 3479 1340 3560 paciS‚
1408 3500 1603 3562 quam
1662 3479 2083 3542 sacramentis
2139 3477 2533 3558 firmaverat,
2601 3479 2665 3542 in

409 3571 663 3629 tantum
705 3565 998 3641 armavit,
1035 3571 1109 3628 ut
1145 3564 1427 3629 collectis
1462 3564 1528 3628 in
1557 3585 1752 3628 unam
1790 3562 2050 3628 domum
2080 3585 2293 3628 coram
2322 3586 2389 3630 se
2416 3565 2669 3629 cunctis

409 3650 834 3733 optimatibus
910 3651 1117 3734 primo
1188 3671 1490 3733 generum
1564 3671 1751 3714 suum
1830 3650 2041 3732 gladio
2113 3651 2179 3714 in
2260 3660 2456 3732 caput
2530 3651 2669 3714 eius

407 3756 618 3800 merso
696 3736 833 3819 ipse
904 3735 1223 3800 occideret
1300 3742 1674 3818 ceterosque
1745 3737 2020 3800 inermes
2089 3737 2156 3800 in
2227 3737 2368 3821 ipsa
2444 3742 2667 3800 sancta
2695 3750 2886 3792 Febr-⁹-

408 3821 930 3904 quadragesima,
984 3822 1078 3885 vir
1131 3821 1512 3905 sanguinum
1569 3829 1633 3885 et
1687 3822 1942 3885 dolosus
1994 3843 2111 3886 nec
2164 3821 2289 3886 sibi
2335 3841 2668 3886 concessos
2696 3837 2895 3886 P··5‚⁷·

407 3962 450 4050 al)
476 3971 581 4051 nan}
603 3960 706 4001 add.
736 3960 788 3999 A.
810 3960 855 4000 S.
948 3958 993 4009 b)
1019 3959 1231 3999 dilatione
1257 3959 1309 3998 A.
1330 3959 1378 3998 S.
1481 3959 1522 4006 e)
1549 3959 1709 3998 leniter
1734 3960 1775 3999 2.
1856 3959 1904 4005 d)
1934 3969 1981 4000 se
2008 3960 2119 3999 deest
2144 3959 2263 4010 apud
2288 3958 2341 3998 A.
2365 3959 2407 3999 S.
2491 3960 2535 4008 e)
2562 3957 2671 3997 bou-

407 4023 428 4050 ε
449 4021 528 4052 aus
584 4039 596 4052 .

411 4099 462 4158 1)
499 4099 537 4150 I
537 4115 626 4151 an.
655 4099 748 4159 243
784 4114 832 4151 v.
860 4097 966 4158 IV,
1001 4098 1087 4150 49.
1245 4096 1298 4159 2)
1341 4097 1694 4152 Maastricht.
1847 4096 1901 4160 3)
1948 4097 2219 4164 Episcopi
2256 4097 2541 4164 Tunqriae,
2578 4097 2675 4165 qui

409 4184 462 4219 a.
489 4168 592 4221 384
627 4173 875 4220 mortuus
911 4173 961 4219 et
993 4165 1105 4219 illic
1139 4166 1385 4232 sepultus
1420 4181 1535 4219 esse
1555 4166 1759 4229 fertur.
1900 4167 1954 4230 4)
1994 4167 2324 4233 Noviomaqi
2356 4173 2565 4220 constat
2598 4181 2669 4219 ex

409 4235 618 4288 chartis
630 4250 820 4304 ffeyem
848 4233 1022 4296 fuisse
1047 4234 1212 4288 Febr.
1240 4235 1307 4288 23
1335 4240 1385 4287 et
1411 4235 1480 4289 28
1505 4232 1761 4300 (Stampf
1781 4234 1973 4289 1346-
1987 4235 2161 4297 1349).
2213 4237 2280 4288 L.
2409 4235 2463 4295 5)
2512 4235 2666 4288 Iare-

408 4304 578 4357 mirus
613 4310 664 4357 et
697 4303 1005 4359 othelricus
1041 4310 1315 4370 materque
1350 4318 1531 4356 eorum
1571 4303 1773 4356 Emma
1790 4321 1808 4366 ‚·
1848 4301 1915 4364 cf.
1945 4319 2119 4370 supra
2155 4320 2199 4357 c.
2226 4304 2311 4369 23,
2349 4301 2587 4357 ‘Jahrbss
2613 4304 2667 4369 Ι,

410 4371 524 4491 {151‘
546 4373 851 4496 etiae'xqqrs
883 4371 1042 4455 VIJI
1053 4392 1070 4425 .·
1108 4371 1238 4425 ‘Die
1279 4372 1650 4426 Verha‘ltnisse
1681 4371 1957 4426 Bohmens
1991 4388 2045 4426 u.
2074 4373 2274 4426 Polens
2308 4373 2382 4425 im
2410 4373 2670 4427 Zeitalter

471 4455 639 4496 emme
805 4482 817 4495 .
853 4456 948 4494 ecc.
