3100 5050
1087 435 1493 494 THIETMARI
1529 434 1965 493 CHRONICON.
2495 435 2654 492 XVII

391 598 460 660 in
512 619 580 661 re
623 605 1008 681 apparatum
1061 591 1346 657 criticum
1390 589 1853 676 Lappenberqii
1904 590 2215 676 corriyere
2268 600 2375 654 aut
2428 613 2689 674 αυρενε,

391 700 502 763 vix
541 697 876 784 perpaucis
909 696 1060 760 locis
1091 717 1243 780 opus
1264 693 1429 779 fuit.
1517 693 1872 757 Maximam
1910 703 2117 758 tamen
2152 716 2405 778 operam
2437 693 2525 757 ad
2559 693 2654 756 di-

390 785 804 887 stinyuendas‘
841 798 1253 863 librariorum
1295 818 1517 860 manus
1561 795 1819 876 contuli,
1872 806 2051 880 atque
2102 819 2343 860 summa
2388 795 2657 860 assidui-

393 913 516 968 tate
556 927 671 989 per
713 902 989 987 amplius
1033 902 1189 966 duos
1231 922 1462 966 menses
1497 897 1782 962 adhibita
1822 908 2074 982 praeter
2108 899 2459 982 opinionem
2503 897 2661 960 milei

394 1006 675 1093 conti9it‚
736 1015 805 1068 ut
853 1027 1054 1091 paene
1110 1004 1198 1067 ad
1257 1003 1528 1066 litteram
1588 1000 1979 1088 singularum
2038 1023 2333 1065 manuum
2388 999 2659 1088 propria

396 1130 830 1194 coynoscerem.
902 1104 1072 1179 Quae
1108 1128 1206 1170 res
1241 1105 1464 1190 quanti
1499 1103 1790 1168 momenti
1825 1103 1913 1167 ad
1947 1103 2418 1188 intelleqendam
2454 1103 2658 1187 operis

395 1213 581 1276 totius
641 1209 1136 1295 compositionem
1193 1217 1373 1286 esset,
1435 1229 1571 1271 cum
1633 1206 2239 1286 animadvertissem,
2300 1204 2372 1268 id
2428 1227 2659 1290 quoque

397 1335 649 1399 operam
693 1311 857 1392 dedi,
903 1321 970 1374 ut
1012 1310 1284 1397 effigiem
1329 1310 1563 1374 codicis
1607 1310 1985 1396 autoqraphi
2026 1331 2213 1394 quam
2266 1308 2658 1373 accuratissi-

397 1439 566 1481 mam
603 1415 815 1480 lectori
840 1413 1214 1499 praeberem.
1305 1412 1400 1475 Ac
1434 1435 1507 1477 ne
1547 1412 1881 1476 exteriores
1922 1414 2305 1498 payinarum
2345 1411 2660 1496 marqines

399 1518 562 1582 notis
602 1517 866 1581 diversis
908 1516 1099 1580 nimis
1142 1514 1578 1601 implerentur,
1622 1515 1693 1578 in
1738 1514 2136 1580 interioribus
2180 1537 2319 1578 cum
2348 1514 2662 1600 foliorum

400 1642 720 1685 numerum
781 1629 906 1682 tum
970 1640 1269 1682 manuum
1331 1618 1613 1682 ordinem
1672 1618 1885 1682 notavi
1892 1639 1918 1698 ;
1983 1618 2371 1704 paqinarum
2431 1639 2661 1702 quoque

397 1722 691 1789 editionis
735 1720 1330 1807 Lappenberqianae
1367 1743 1651 1784 numeros
1683 1719 1911 1784 ibidem
1946 1720 2171 1784 adieci.
2244 1721 2323 1784 In
2360 1719 2660 1786 exteriore

397 1826 683 1911 marqine
740 1824 1112 1903 scriptorum
1166 1822 1356 1903 locos,
1412 1844 1561 1908 quos
1613 1822 2010 1888 Thietmarus
2061 1822 2153 1886 ibi
2190 1821 2403 1907 fontes
2448 1822 2661 1886 habuit

397 1940 510 1994 aut
551 1929 765 2016 aliquo
807 1928 988 1992 modo
1031 1925 1321 2011 respexit,
1365 1935 1421 1989 et
1463 1947 1769 1990 annorum
1823 1947 2106 1990 numeros
2148 1925 2398 2011 diesque
2440 1947 2515 1990 ea
2560 1947 2661 1988 ra-

404 2034 567 2097 tione
604 2031 812 2117 posui,
856 2039 923 2094 ut
965 2051 1071 2094 eas
1115 2037 1452 2114 temporum
1496 2028 1999 2114 siqnificationes,
2042 2051 2197 2113 quae
2240 2049 2363 2093 non
2406 2051 2483 2093 ex
2524 2027 2662 2113 ipso

414 2134 756 2198 Thietmari
815 2154 994 2218 opere
1051 2131 1458 2218 colliquntur,
1517 2133 1694 2196 uncis
1751 2131 2145 2198 includerem.
2235 2131 2313 2195 In
2368 2141 2532 2196 textu
2588 2155 2662 2196 ea

405 2236 579 2302 uncis
613 2236 860 2317 inclusi,
896 2257 1051 2322 quae
1081 2234 1475 2320 postmodum
1509 2235 1746 2300 inserta
1780 2245 1919 2298 sunt
1926 2257 1952 2315 ,·
1988 2244 2166 2319 atque
2202 2233 2453 2320 singula
2479 2234 2661 2298 verba

402 2339 712 2425 brevesque
757 2338 1185 2404 adnotationes
1229 2337 1495 2418 inclusa,
1541 2338 1629 2401 ad
1664 2360 1822 2424 quae
1858 2337 2022 2402 nihil
2056 2339 2414 2418 adnotatur,
2458 2338 2662 2422 ipsius

409 2444 756 2510 Thietmari
799 2465 991 2507 manu
1036 2440 1156 2528 (sl)
1203 2441 1448 2506 adiecta
1493 2463 1617 2505 esse
1660 2441 1831 2504 scito.

570 2583 651 2645 In
697 2580 878 2644 libris
920 2590 976 2644 et
1019 2579 1329 2665 capitibus
1372 2578 1837 2663 distinyuendis
1880 2579 2208 2643 editionem
2243 2588 2495 2643 veterem
2540 2601 2662 2641 non

399 2696 636 2752 secutus
685 2705 841 2749 sum.
931 2682 1264 2747 Librorum
1315 2682 1635 2747 distinctio
1687 2704 1920 2768 magna
1973 2705 2051 2745 ex
2099 2691 2279 2767 parte
2324 2680 2413 2744 ad
2458 2681 2661 2765 ipsum

409 2789 832 2855 Thietmarum
889 2784 1082 2865 redit,
1138 2785 1246 2870 qui
1300 2808 1361 2849 se
1419 2795 1695 2871 tempora
1750 2785 2042 2851 Heinrici
2098 2786 2151 2849 Ι.
2216 2784 2378 2848 libro
2431 2785 2662 2868 primo,

408 2891 650 2957 Ottonis
696 2889 784 2956 ΙΙ.
842 2888 1023 2954 tertio
1079 2887 1456 2973 complexum
1517 2912 1642 2953 esse
1698 2898 1754 2953 et
1810 2888 1880 2952 in
1938 2887 2099 2953 libro
2156 2888 2369 2973 quinto
2425 2887 2513 2950 ad
2565 2910 2663 2951 res

405 2995 692 3060 Heinrici
733 2992 824 3059 II.
870 2991 1156 3057 accedere
1199 2990 1356 3055 dicit
1375 2989 1427 3071 ¹,
1479 2990 1698 3056 ultimo
1743 3001 1944 3057 autem
1998 2991 2161 3055 libro
2214 2991 2282 3053 in
2322 2989 2452 3075 fol.
2500 2992 2660 3057 176⁴.

407 3097 718 3161 inscribit.-
806 3093 1041 3178 Incipit
1095 3092 1353 3159 libellus
1412 3092 1496 3159 II.
1558 3094 1848 3160 Heinrici
1908 3092 2318 3177 imperatoris
2379 3090 2658 3158 secundi.

421 3198 590 3262 Unde
642 3200 917 3284 sequitur
970 3196 1129 3260 libro
1186 3197 1446 3261 secundo
1498 3206 1774 3282 tempora
1828 3196 2070 3262 Ottonis
2115 3198 2170 3278 I,
2227 3206 2450 3280 quarto
2501 3193 2663 3259 Otto-

407 3301 511 3365 nis
555 3297 680 3367 III.
726 3300 1054 3366 tribuenda
1098 3321 1251 3380 esse,
1305 3311 1446 3385 post
1492 3323 1701 3365 versus
1746 3310 1948 3366 autem
2004 3301 2071 3365 in
2113 3300 2385 3385 f.141‘.
2428 3298 2661 3383 positos

396 3403 676 3491 priorem
713 3402 1001 3467 Heinrici
1033 3402 1123 3468 II.
1170 3402 1570 3489 imperatoris
1615 3403 1890 3469 libellum
1932 3403 2223 3489 incipere.
2314 3403 2476 3466 Eam
2524 3424 2663 3466 vero

403 3506 614 3593 operis
649 3515 917 3591 partem,
960 3529 1083 3591 qua
1127 3516 1404 3592 tempora
1447 3506 1743 3571 Heinrici
1784 3506 1872 3573 ΙΙ.
1918 3506 2087 3593 regis
2128 3515 2499 3585 tractantur,
2543 3526 2665 3568 non

402 3620 472 3674 ut
510 3607 780 3695 pristini
820 3608 1080 3675 editores
1121 3609 1194 3673 in
1227 3610 1397 3693 duos,
1445 3609 1554 3674 sed
1595 3610 1667 3673 in
1708 3618 1832 3673 tres
1876 3607 2067 3673 libros
2102 3607 2503 3673 dividendam
2538 3630 2663 3671 esse

403 3713 628 3797 censui,
676 3712 771 3777 ita
816 3721 882 3775 ut
924 3712 1171 3796 quintus
1213 3735 1398 3798 usque
1441 3713 1530 3777 ad
1572 3711 2016 3779 restitutionem
2068 3711 2455 3797 episcopatus
2500 3710 2662 3775 Mer-

401 3816 790 3903 seburqensis
831 3815 1186 3901 pertineret,
1229 3815 1338 3880 ubi
1379 3817 1565 3881 etiam
1610 3837 1821 3879 versus
1864 3814 2217 3900 interpositi
2259 3823 2417 3893 sunt,
2461 3823 2665 3879 sextus

403 3930 605 3984 autem
647 3940 833 4004 usque
875 3941 973 3998 eo,
1025 3917 1133 3981 ubi
1176 3916 1380 3982 altera
1425 3918 1632 4003 operis
1678 3940 1839 4004 pars
1881 3916 2026 3983 inde
2070 3916 2149 3980 ab
2192 3939 2265 3993 a..
2298 3916 2481 3983 1012.
2529 3938 2663 3980 con-

402 4022 642 4108 scripta
687 4021 942 4106 incipit,
995 4019 1292 4105 septimus
1334 4021 1597 4106 denique
1639 4032 1871 4087 ceteras
1914 4044 2013 4086 res
2069 4020 2233 4085 inter
2274 4042 2335 4085 a.
2379 4021 2563 4087 1012.
2608 4030 2665 4084 et

404 4210 457 4277 1)
494 4211 547 4277 I,
584 4212 676 4266 28:
715 4210 928 4265 Primus
955 4211 1059 4265 iste
1086 4208 1370 4265 codicellus
1398 4210 1607 4265 clausus
1633 4210 1709 4266 sit
1732 4211 1897 4280 primi
1925 4213 2095 4266 morte
2120 4208 2379 4265 Heinrici.
2450 4210 2524 4264 II
2523 4210 2572 4276 1,
2604 4211 2659 4264 1:

406 4294 537 4351 Otto
571 4294 831 4351 secundus
865 4296 941 4350 sit
976 4293 1218 4351 codicelli
1255 4294 1507 4350 materies
1545 4295 1677 4359 mei;
1723 4298 1843 4362 ΙΙΙ,
1879 4300 1972 4353 26:
2014 4294 2273 4351 obseram
2309 4294 2464 4350 modo
2506 4297 2663 4349 tercii

405 4380 596 4436 seriem
632 4379 932 4437 volumini&
1004 4381 1112 4447 IV,
1149 4380 1238 4436 54:
1277 4380 1349 4435 Et
1381 4380 1471 4439 hic
1505 4381 1860 4448 (Heinricus)
1894 4382 2114 4454 quintus
2151 4381 2209 4436 in
2244 4380 2444 4445 ordine,
2480 4396 2664 4436 secun-

408 4466 508 4522 dus
541 4467 597 4523 in
632 4467 863 4533 nomine,
899 4469 1050 4523 notet
1087 4466 1264 4539 quinti
1299 4466 1522 4523 titulum
1558 4466 1704 4524 libri.

2184 4572 2228 4627 B
