3100 5050
106 1714 128 1737 *
150 1715 238 1765 sol.
259 1713 364 1763 311³,

171 1777 286 1806 man.
311 1767 361 1806 Τ.

1012 448 1425 505 ΤΗΙΕΤΜΑΒῙ
1459 447 1722 504 CHRON.
1792 447 1929 504 LIB.
1966 449 2041 504 ΙΙ.
2582 455 2648 508 41

397 599 675 682 genitus,
750 601 884 666 vice
939 603 1077 668 eius
1133 603 1471 668 ordinatur
1531 623 1699 667 anno
1763 601 2121 669 dominicae
2190 603 2655 670 incarnationis
2690 618 2807 673 954.

399 685 914 754 DGOOOL11110.
1041 689 1288 754 Dehinc
1364 689 1432 753 in
1503 694 1736 772 quarto
1806 689 2091 755 eiusdem
2164 691 2416 755 numeri
2484 712 2654 756 anno
2690 704 2807 760 958.

397 771 648 854 signum
687 772 1062 840 salutiferae
1100 776 1308 840 crucis
1349 775 1414 839 in
1441 775 1876 841 vestimentis*
1908 775 2241 841 hominum
2277 775 2659 843 mirabiliter

397 865 462 922 et
517 859 721 942 magis
778 861 1231 927 miserabiliter
1288 861 1543 926 elucens
1619 860 1809 945 digne
1876 862 2342 944 accipientibus
2411 863 2659 946 profuit

396 941 508 1094 Ἐξ]
598 944 1016 1010 irridentibus
1103 946 1338 1014 nocuit.
1471 948 1658 1012 Anno
1747 947 2101 1014 dominicae
2188 950 2658 1016 incarnationis.

514 1028 908 1100 CCCLXIII.
953 1032 1033 1096 ob
1079 1033 1538 1118 depositionem
1588 1055 1784 1117 supra
1824 1039 2241 1100 memoratam
2262 1035 2285 1080 1
2320 1035 2651 1102 Benedicti
2687 1046 2960 1114 963(964).

393 1136 600 1200 papae
645 1123 708 1181 et
754 1117 1044 1196 exilium,
1101 1139 1224 1202 quo
1269 1119 1609 1198 moriturb,
1664 1140 1813 1185 seva
1855 1120 2213 1186 mortalitas
2266 1121 2655 1204 inperatoris

395 1203 738 1267 exercitum
802 1203 1239 1288 subsequitur,
1307 1227 1473 1290 quae
1519 1205 1891 1271 Heinricum
1938 1207 2387 1272 Treverensem
2445 1207 2655 1273 archi-

393 1287 807 1372 episcopum2
848 1295 914 1354 et
962 1289 1183 1356 ducem
1220 1290 1773 1357 Godefrithum0·3
1805 1313 1951 1357 cum
1982 1293 2255 1358 caeteris
2288 1293 2654 1359 innumera-

392 1373 629 1439 bilibus
679 1377 1093 1460 consumpsit.
1177 1379 1252 1442 In
1301 1379 1493 1444 tertio
1543 1398 1715 1442 anno
1762 1378 1846 1446 ΙΙ.
1888 1379 2025 1444 Kal.
2065 1379 2264 1462 April.
2304 1380 2654 1446 aecclesia‘l
2722 1392 2823 1446 965

353 1459 936 1526 ‚Halverstidensis
1007 1463 1310 1544 cecidit43
1393 1471 1458 1529 et
1531 1465 1862 1548 inperator
1930 1465 2009 1530 de
2072 1465 2269 1531 Italia
2330 1465 2651 1550 *pergenS,
2679 1460 2892 1504 ”mm-

391 1546 922 1613 Francanavord⁰
965 1551 1164 1629 venit3
1221 1556 1287 1615 et
1349 1549 1416 1614 in
1470 1549 1573 1614 his
1636 1551 1929 1632 partibus
1993 1551 2105 1616 diu
2158 1573 2421 1618 manens
2482 1555 2653 1618 inter

393 1653 542 1697 suos
585 1653 810 1714 pacem
855 1639 1050 1719 atque
1095 1635 1505 1700 concordiam
1548 1634 1845 1704 firmavit.
1947 1637 2387 1722 Subsequente
2430 1645 2647 1704 autem
2684 1649 2801 1704 966.

389 1739 558 1783 anno
594 1720 924 1802 inperator
959 1722 1191 1787 iterum
1229 1722 1663 1786 Romanorum
1701 1729 1921 1802 partes
1955 1723 2194 1791 invisit.
2276 1723 2385 1789 *In
2422 1732 2649 1810 quarto

391 1825 561 1869 anno
625 1806 966 1888 equivocus
1035 1808 1445 1891 inperatoris,
1521 1809 1869 1873 comitante
1931 1809 2361 1890 willehelmo,
2434 1811 2649 1895 Mago-
2684 1819 2802 1876 967.

390 1892 699 1956 ciacensi‘
756 1891 1258 1977 archiepiscopO,
1325 1895 1591 1958 Romam
1653 1894 1912 1959 veniens
1974 1917 2015 1960 a
2068 1895 2297 1961 domno
2363 1896 2651 1962 Iohanne

387 1976 738 2042 venerabili
790 1981 996 2062 papa⁵
1056 1980 1122 2043 in
1176 1979 1627 2046 benediccione
1670 1982 1841 2063 patri
1896 1981 2125 2046 similis
2178 1981 2475 2048 efficitur.
2575 1984 2649 2048 In

389 2062 550 2126 V110
610 2070 828 2128 autem
884 2065 1096 2130 annof‘
1149 2065 1458 2148 templum
1511 2066 1768 2130 Domini
1816 2068 1883 2131 in
1934 2067 2361 2152 Thornburg⁷
2410 2069 2648 2134 conbu-
2683 2079 2801 2134 971.

388 2153 557 2213 stum
602 2151 747 2235 est.]

559 2252 660 2320 36.
709 2251 870 2338 (23.)
932 2253 1180 2337 [Placet
1223 2254 1423 2319 eciam
1471 2254 1631 2318 mihi
1674 2255 1798 2320 hoc
1842 2255 2201 2336 adnectere,
2249 2257 2421 2340 quod
2461 2257 2646 2338 Bosn,

387 2342 755 2404 antecessor
797 2360 977 2404 meus
1022 2361 1062 2405 a
1095 2339 1348 2424 prefato
1385 2341 1775 2424 imperatore
1813 2344 2217 2422 constitutus,
2266 2363 2487 2407 curam
2524 2343 2646 2409 sibi

386 2425 790 2490 commissam
823 2445 1060 2490 annum
1094 2425 1122 2488 I
1157 2432 1224 2490 et
1259 2447 1506 2491 menses
1536 2427 1595 2490 X
1631 2448 1710 2492 ac
1747 2427 1846 2491 III
1882 2428 2020 2493 dies
2048 2449 2291 2512 regenS,
2329 2429 2396 2493 in
2430 2431 2647 2513 patria
2716 2441 2819 2496 970

388 2509 550 2576 obiit
602 2511 897 2577 Bawaria
949 2511 1316 2577 Kalendas¹3
1367 2511 1569 2579 Νον.8
1639 2514 2047 2599 sepultusque
2115 2523 2215 2580 est
2283 2517 2350 2580 in
2408 2515 2646 2582 Merse-
2674 2509 2785 2550 nov.
2817 2512 2855 2549 ¹·

385 2597 578 2680 burg,
633 2598 701 2661 in
755 2598 1066 2677 aecclesia
1113 2600 1322 2664 sancti
1366 2598 1669 2664 Iohannis
1713 2600 2035 2684 baptistae
2090 2623 2301 2667 coram
2350 2600 2645 2691 [summo]

385 2683 598 2747 altari.
715 2684 837 2762 Qui
898 2684 964 2747 in
1025 2686 1414 2750 monasterio
1477 2685 1720 2750 Christi
1781 2688 2064 2753 martiris
2126 2688 2644 2768 Emmerammi*,

387 2768 558 2852 quod
611 2777 796 2835 extra
847 2769 1068 2835 urbem
1126 2770 1540 2836 Ratisbonam
1598 2772 1663 2835 in
1717 2773 1989 2838 australi
2041 2781 2225 2857 parte
2280 2776 2469 2840 situm
2528 2782 2644 2855 est,

308 2934 313 2939 ³
384 2854 736 2920 monachus
792 2857 1277 2921 conversacione
1331 2858 1616 2923 nutritus
1671 2863 1769 2923 est
1822 2865 1911 2939 et,
1964 2859 2112 2924 inde
2164 2860 2249 2925 ad
2306 2860 2643 2926 servicium

385 2943 624 3007 cesaris
663 2949 1051 3026 assumptuS,
1098 2941 1480 3008 beneficium
1517 2943 1855 3010 Citicensis
1892 2945 2241 3012 aecclesiae
2276 2967 2392 3031 pro
2430 2948 2644 3029 magni

384 3026 624 3093 laboris
670 3027 771 3093 sui
807 3027 1024 3093 debita
1067 3030 1593 3095 remuneracione
1642 3032 1931 3115 percepit
1974 3038 2039 3098 et
2072 3032 2253 3098 iuxta
2290 3033 2642 3117 predictam
2722 3089 2725 3091 ,

382 3114 704 3179 civitatem
748 3115 815 3178 in
869 3115 1150 3198 quodam
1206 3115 1405 3195 saltu,
1466 3116 1680 3201 quodh
1725 3118 1863 3201 ipse
1907 3120 2331 3185 construcxit¹
2392 3142 2470 3185 ac
2524 3142 2642 3185 suo

499 3269 554 3335 *)
592 3268 732 3339 quod
768 3271 1072 3325 construxit
1110 3270 1370 3327 Arnulfus
1405 3273 1697 3341 imperator
1730 3275 1857 3331 add.
1901 3276 1961 3328 V.

382 3388 424 3439 a)
450 3389 719 3429 tenimentis
737 3390 790 3429 A.
895 3390 942 3441 b)
970 3390 1056 3439 qua
1074 3390 1242 3431 horitur
1257 3391 1308 3439 A,
1335 3403 1442 3433 corr.
1467 3394 1515 3433 Τ.
1627 3392 1667 3443 c)
1696 3392 1979 3434 Godefridum
2007 3396 2053 3434 V.
2146 3393 2192 3446 d)
2224 3398 2397 3435 alterum
2423 3407 2447 3435 c
2464 3398 2566 3437 add.
2592 3399 2641 3438 T.

383 3441 426 3492 ο)
451 3444 623 3481 tertium
649 3452 677 3481 a
703 3452 882 3482 erasum.
988 3442 1024 3491 f)
1051 3444 1121 3482 cia
1145 3443 1245 3482 add.
1268 3445 1316 3484 Τ.
1423 3444 1469 3494 g)
1497 3444 1556 3485 11.
1578 3444 1687 3485 Non.
1714 3448 1852 3495 primo
1870 3448 1910 3485 Τ
1930 3447 2169 3497 scripserat,
2194 3448 2306 3497 quod
2332 3449 2421 3498 ipse
2448 3451 2641 3490 correxit.

380 3494 433 3545 h)
459 3492 519 3543 qd
543 3505 650 3533 corr.
679 3494 733 3543 q’d
760 3496 799 3534 1.
904 3493 940 3546 1)
968 3505 992 3533 c
1020 3506 1186 3535 erasum
1212 3498 1252 3535 1.

384 3600 436 3660 1)
485 3597 541 3652 C'.
579 3599 671 3660 283
728 3603 954 3652 ceterum
997 3605 1050 3653 et
1095 3600 1358 3668 depositio
1393 3601 1684 3655 Benedicti
1725 3607 1777 3655 et
1810 3617 1889 3664 ea,
1938 3618 2077 3671 qaae
2110 3604 2263 3658 illam
2308 3609 2494 3658 secata
2528 3620 2642 3659 esse

379 3672 564 3721 noster
609 3682 674 3720 ecc
719 3669 864 3721 Ann.
905 3668 1090 3731 Quedl.
1130 3686 1182 3723 a.
1219 3670 1322 3726 963
1366 3669 1464 3737 (cf.
1501 3671 1647 3724 Ann.
1681 3670 1930 3725 Hildesh.
1969 3688 2020 3725 a.
2058 3673 2183 3737 963)
2226 3672 2412 3734 tradit,
2459 3689 2509 3726 a.
2538 3675 2643 3729 964

383 3736 597 3790 demum
621 3736 774 3800 facta
805 3744 948 3791 sunt.
1003 3736 1157 3803 Gens.
1185 3740 1473 3792 Ditmmler
1496 3756 1550 3807 p.
1570 3739 1863 3795 364-366.
1968 3740 2023 3805 2)
2054 3741 2163 3804 Qua·
2186 3742 2325 3797 sedit
2349 3742 2637 3797 956—964.

379 3805 434 3866 3)
471 3804 807 3862 Godefridus
833 3806 884 3859 Ι.
921 3806 1183 3873 auspiciis
1218 3808 1500 3861 Brnnonis
1535 3808 1932 3875 archiepiscopi
1964 3810 2221 3863 ducatum
2248 3810 2641 3879 Lotharinyiae

379 3872 659 3938 inferioris
695 3873 1105 3929 administravit
1137 3876 1427 3931 953—964.
1574 3877 1629 3940 4)
1666 3879 1755 3931 De
1788 3878 1893 3932 hac
1926 3894 1987 3931 re
2024 3878 2294 3945 Hildesh„
2349 3880 2638 3935 Weissenb.

379 3942 762 4010 Lambertique
797 3944 1026 3997 annales
1061 3950 1270 4010 tacent,·
1305 3950 1488 3999 tamen
1513 3946 1615 3999 hoc
1640 3962 1847 4015 quoque
1874 3962 1942 4000 ex
1970 3946 2117 4001 Ann.
2148 3948 2337 4011 Quedl.
2364 3956 2639 4015 sumptum

379 4026 494 4063 esse
538 4010 874 4065 crediderim.
1025 4011 1079 4078 5)
1129 4013 1380 4067 Iohanne
1417 4015 1595 4067 XIII.
1627 4031 1784 4081 papa
1818 4015 2131 4079 965—9723
2189 4032 2236 4069 v.
2276 4033 2445 4084 supra
2483 4035 2525 4071 c.
2555 4018 2639 4072 15.

378 4078 431 4143 6)
469 4078 694 4134 Rectius
726 4080 884 4133 VIII
890 4091 943 4146 ⁰,-
979 4081 1039 4133 in
1072 4082 1314 4135 numeris
1349 4082 1621 4137 eiusmodi
1645 4084 1997 4139 Thietmarus
2022 4086 2271 4152 plurima
2306 4088 2504 4140 menda
2540 4089 2637 4141 ad-

379 4148 539 4203 misit.
677 4148 730 4210 7)
772 4149 1108 4218 Thermum,
1149 4152 1426 4205 castellum
1461 4152 1587 4205 olim
1626 4160 1676 4207 et
1698 4154 1973 4220 palatium
2011 4152 2221 4208 Ottonis
2247 4156 2297 4207 I.
2334 4160 2385 4208 et
2418 4170 2638 4223 sequen-

378 4217 514 4269 tium
547 4217 933 4285 imperatorum
971 4219 1046 4272 ad
1079 4220 1354 4273 sinistram
1393 4220 1450 4283 tl.
1479 4220 1641 4275 Albis
1666 4222 1847 4288 ripam
1873 4223 2054 4287 situm,
2080 4238 2227 4276 nanc
2254 4230 2459 4278 mutato
2488 4225 2637 4279 alveo

377 4285 455 4339 ad
489 4286 739 4341 dea-tram
764 4286 932 4355 fluvii
957 4290 1203 4355 proxime
1239 4288 1316 4342 ad
1348 4289 1534 4342 arbem
1562 4290 1759 4357 Barby
1794 4291 2118 4360 (Dornbwry
2153 4292 2345 4356 vicus),
2381 4294 2639 4357 fluetibus
2723 4319 2727 4323 ·

378 4354 536 4408 Albis
573 4356 744 4422 plane
785 4355 956 4421 ferme
1003 4358 1319 4425 absorptum
1365 4365 1460 4424 est,
1505 4366 1569 4413 ut
1610 4360 1701 4413 vste
1743 4360 1950 4413 rudera
1996 4362 2148 4415 cerni
2180 4368 2394 4429 queant.
2476 4362 2635 4417 URS.

379 4422 582 4477 Nescio
615 4430 812 4486 tamen,
859 4442 934 4479 an
969 4426 1070 4481 hoe
1105 4442 1312 4495 quoque
1348 4428 1460 4481 loco
1496 4428 1797 4496 Dombqu
1840 4428 2097 4497 oppidum
2136 4430 2214 4484 ad
2247 4429 2439 4493 Salam
2474 4432 2636 4485 sitam

378 4491 628 4559 dicatum
683 4492 753 4559 cf.
789 4494 948 4557 infm
985 4511 1027 4549 c.
1057 4496 1126 4549 36
1161 4502 1211 4551 et
1261 4496 1321 4561 V,
1357 4498 1442 4551 39.
1580 4496 1634 4563 8)
1672 4498 1765 4552 Ex
1802 4499 1969 4552 Necr-
2006 4500 2177 4553 Mers.
