3100 5050
413 383 482 436 88
1004 375 1409 433 THIETMARI
1443 376 1706 432 CHRON.
1776 379 1912 434 LIB.
1948 379 2080 434 1111.

214 545 377 613 (998).
413 532 737 598 videretur
806 532 1148 617 optimum,
1214 531 1282 596 in
1344 531 1784 618 Magadaburg
1854 532 1994 597 fieri
2064 537 2466 611 conventum,
2536 532 2663 597 huc

415 639 717 705 sponsum
771 638 915 683 cum
970 617 1308 684 contectali
1359 618 1603 696 venire,
1664 620 2083 685 auxiliatores
2138 639 2393 703 quoque
2444 638 2663 684 omnes

412 713 530 772 aut
584 726 652 771 se
708 725 852 770 reos
908 702 1000 769 ibi
1056 709 1451 789 presentare,
1519 712 1633 769 aut
1688 705 2029 771 damnatos
2086 704 2323 789 fugere.
2431 704 2665 787 Sicque

413 792 655 858 factum
691 796 807 856 est.
879 788 1250 857 Confluente
1277 789 1561 855 maxima
1586 791 1739 857 illuc
1764 791 2195 869 multitudine,
2230 789 2663 856 Wirinharius

416 898 561 944 cum
607 877 744 943 suis
787 875 1309 961 cooperatoribus
1357 874 1552 940 nudis
1604 878 1998 960 provolvitur
2047 876 2346 961 pedibus,
2401 897 2664 943 uxorem

412 962 646 1031 reddit.
724 962 990 1029 Veniam
1033 962 1112 1029 de
1148 962 1506 1028 commissis
1537 963 1664 1027 sibi
1700 963 1960 1047 suisque
1994 963 2233 1029 auxilio
2267 963 2665 1048 principum*

411 1049 768 1134 promissab
806 1048 1246 1115 emendatione
1276 1049 1648 1133 promeruit.
1713 1048 1840 1115 Sed
1863 1048 2248 1116 venerabilis
2276 1050 2342 1113 in
2370 1048 2665 1114 omnibus

412 1134 750 1201 Mahtildis
794 1134 974 1201 finito
1020 1134 1334 1219 colloquio
1369 1133 1835 1219 Liudgerdam⁰
1879 1156 2093 1201 secum
2138 1135 2344 1213 duxit,
2390 1156 2515 1199 non
2549 1155 2664 1219 pro

414 1222 800 1301 retentione,
846 1220 957 1287 sed
1001 1242 1118 1303 pro
1162 1221 1456 1285 timorisd
1497 1223 1715 1305 magni
1758 1221 2295 1287 confirmatione0.

584 1309 687 1374 43.
743 1306 902 1393 (27.)
973 1306 1222 1371 'Bonae
1284 1308 1530 1372 autemf
1590 1308 1823 1373 suimet
1876 1308 2223 1374 voluntatis
2273 1306 2667 1391 propositum
2695 1299 2953 1402 *ἆζξὲῗξη

412 1399 722 1479 preventu
775 1391 1150 1459 subitaneae
1205 1392 1432 1459 mortis
1485 1393 1915 1479 interruptum
1968 1401 2084 1459 est.
2182 1393 2473 1478 Namque
2520 1398 2670 1477 post

413 1501 654 1566 paucos
711 1478 875 1560 dies,
935 1499 1080 1543 cum
1125 1477 1286 1545 haec
1329 1478 1413 1544 ad
1457 1479 1668 1544 locum
1712 1500 1755 1545 a
1800 1479 1935 1545 Deo
1982 1479 2107 1545 sibi
2149 1485 2455 1564 paratum
2497 1478 2671 1545 veni-

412 1573 530 1647 ret,
553 1566 858 1632 continuo
887 1563 1209 1630 infirmata
1237 1564 1690 1631 Bernwardum
1700 1576 1748 1646 ⁸,
1770 1574 2031 1631 sanctae
2048 1564 2669 1631 Hillinessemensish

417 1652 765 1719 aecclesiae
820 1658 974 1717 tunc
1030 1657 1353 1734 pastorem
1367 1700 1383 1727 ,
1453 1652 1705 1717 vocavit
1762 1658 1827 1716 et
1877 1657 2142 1736 accepta
2202 1649 2285 1717 ab
2348 1672 2422 1716 eo
2474 1672 2668 1734 quam

199 1724 380 1835 Ρξξῗῖζ)
417 1737 761 1822 postulavit
816 1736 1212 1821 indulgentia
1263 1735 1446 1804 VIII.
1485 1737 1579 1804 Id.
1616 1736 1802 1806 Febr.
1821 1737 1844 1783 ¹
1896 1736 2217 1805 hominem
2280 1737 2458 1801 exuit
2508 1737 2669 1802 inte-

315 1823 328 1838 '
375 1823 386 1835 '
415 1826 648 1890 riorem
694 1823 1072 1908 sepultaque
1107 1829 1207 1888 est
1241 1823 1307 1888 in
1344 1823 1659 1889 aecclesia
1700 1823 1786 1888 ad
1830 1831 2025 1907 caput
2070 1822 2198 1888 avi¹
2233 1823 2470 1887 suimet
2500 1823 2671 1905 regis

415 1910 720 1975 Heinrici.
809 1908 948 1975 Hoc
991 1908 1214 1974 funere
1246 1910 1613 1991 inperatrix
1648 1909 2091 1975 Ethelheidisk
2134 1916 2343 1974 mater
2386 1908 2670 1973 eiusdem

418 2017 614 2082 supra
671 1995 927 2060 modum
986 1994 1248 2060 turbata
1311 1994 1396 2060 ad
1449 1996 1899 2078 imperatorem
1953 1995 2248 2061 nuntium
2301 1994 2505 2075 misit,
2560 1996 2672 2079 qui

416 2090 483 2149 et
519 2082 761 2147 obitum
797 2082 936 2147 eius
972 2079 1122 2145 huic
1158 2082 1611 2147 innotesceret¹
1660 2088 1726 2147 et
1754 2083 2123 2166 equivocam
2165 2102 2348 2147 suam
2386 2100 2672 2147 sororem

417 2169 555 2235 eius
599 2166 750 2233 huic
796 2166 1136 2233 succedere
1171 2167 1546 2250 postularet.
1639 2168 1840 2233 Cesar
1872 2168 2001 2249 piis
2035 2188 2365 2233 assensum
2401 2167 2673 2251 prebens

416 2254 756 2323 desideriis
822 2254 1061 2319 amitae
1119 2255 1355 2318 suimet
1404 2273 1625 2319 necem
1670 2250 1863 2319 deflet
1917 2260 1981 2319 et
2023 2253 2358 2320 abbaciam
2403 2252 2673 2319 dilectae

417 2342 650 2407 suimet
704 2360 1048 2424 germanae
1103 2338 1246 2427 [per
1289 2338 1655 2405 Becelinum
1708 2338 2109 2427 portitorem]
2168 2341 2345 2423 virga
2398 2361 2439 2403 a
2489 2339 2673 2423 longe

419 2428 735 2493 commisit
769 2447 972 2493 aurea
1007 2432 1089 2505 et,
1129 2431 1202 2490 ut
1235 2425 1317 2490 ab
1353 2426 1651 2510 episcopo
1687 2426 2171 2491 benediceretur
2206 2424 2491 2505 Arnulfo,
2534 2447 2674 2508 pre-

418 2514 602 2598 cepit.
702 2510 1196 2580 Aethelheidism
1248 2524 1464 2577 autem
1521 2512 1880 2595 inperatrix
1941 2511 2189 2591 urbem,
2260 2533 2426 2596 quae
2489 2511 2677 2578 Celsa

417 2599 724 2666 vocatur2
744 2651 759 2680 ,
854 2597 1162 2686 [interim]
1255 2597 1559 2665 edificans
1647 2599 1933 2665 collectis
2020 2598 2260 2664 ibidem
2348 2598 2677 2663 monachis

193 2709 389 2750 Dec.17.
418 2685 840 2771 omnibusque
910 2685 1215 2770 perfectis
1281 2687 1348 2750 in
1413 2684 1636 2751 eodem
1694 2705 1864 2751 anno
1922 2685 2092 2753 XVI.
2148 2684 2291 2750 Kal.
2346 2682 2677 2750 Ianuarii³

421 2772 705 2858 gaudens
759 2772 1066 2857 appeciit,
1129 2771 1207 2836 de
1261 2771 1490 2856 quibus
1544 2778 1688 2836 orta
1740 2771 1890 2852 fuit3
1954 2773 2137 2837 cuius
2190 2770 2364 2835 fideli
2418 2770 2676 2836 servitio

421 2862 593 2925 iusta
643 2878 1137 2942 recompensans
1188 2859 1438 2943 premia
1493 2858 1671 2923 Deus
1729 2857 1814 2922 ad
1862 2857 2150 2924 tumbam
2207 2858 2345 2923 eius
2397 2857 2678 2942 plurima

418 2945 610 3011 hodie
673 2953 978 3030 operatur
1040 2943 1371 3012 miracula.
1477 2942 1705 3094 1[Papa
1778 2964 2031 3028 quoque
2102 2943 2453 3027 Gregorius
2517 2942 2677 3008 bene

199 3053 330 3094 rubr.
349 3054 390 3093 4.
420 3031 748 3117 dispositis
806 3031 1045 3096 Romae
1101 3029 1392 3095 omnibus
1445 3028 1473 3092 1
1513 3083 1526 3096 .
1586 3029 1803 3096 Nonas
1845 3029 2225 3096 Februarii⁴
2280 3028 2467 3109 obiit,
2524 3028 2678 3094 Ger-

422 3118 605 3185 berto
651 3117 776 3183 sibi
819 3137 965 3183 mox
1009 3113 1542 3203 succedente⁵·¹¹.]
2074 3159 2079 3163 -

587 3204 690 3272 44.
721 3203 884 3290 (28.)
930 3201 1120 3290 *Post
1144 3201 1303 3267 haec
1331 3203 1679 3287 imperator
1706 3203 2076 3269 Gisillerum
2106 3199 2677 3286 archiepiscopum,
2707 3216 2728 3240 *
2746 3218 2829 3268 fot·
2852 3216 2929 3258 6⁵¹·

419 3312 492 3357 eo
528 3290 703 3375 quod
740 3290 900 3356 duas
934 3294 1184 3353 teneret
1215 3288 1611 3372 parrochias,
1668 3289 1735 3354 in
1772 3288 1997 3354 sinodo
2042 3309 2350 3353 accusans
2385 3288 2676 3352 Romana

418 3375 734 3443 iudici*ali
799 3396 944 3441 eum
1006 3375 1325 3440 sententia
1386 3372 1469 3440 ab
1529 3374 1737 3440 offitio
1799 3372 2104 3456 suspendi
2166 3394 2243 3438 ac
2304 3395 2420 3456 per
2480 3375 2676 3438 inter-

417 3463 675 3529 nuntios
736 3462 819 3527 ab
883 3460 1240 3546 apostolico
1302 3460 1573 3526 eundem
1635 3461 1745 3527 illo
1804 3461 2018 3526 vocari
2091 3461 2378 3544 precepit
2388 3459 2438 3525 6.
2554 3459 2678 3537 Qui

416 3583 464 3635 a)
501 3585 674 3634 piorum
709 3585 748 3624 B
774 3583 943 3623 videtur
976 3583 1213 3632 scripsisse,
1247 3592 1350 3622 corr.
1383 3582 1432 3622 Τ.
1572 3579 1621 3631 h)
1660 3583 1837 3622 alterum
1873 3592 1895 3620 s
1930 3579 2033 3620 add.
2066 3583 2114 3623 Τ.
2260 3581 2301 3631 c)
2342 3580 2601 3621 Linderdsm
2637 3583 2675 3620 1.

419 3637 446 3676 d
492 3637 652 3676 amoris
680 3636 720 3686 2,
747 3637 797 3675 A.
818 3635 864 3676 S.
893 3647 936 3674 a.
957 3632 1055 3675 999.
1157 3633 1222 3690 -e)
1248 3634 1289 3673 ir
1313 3632 1420 3673 add.
1444 3631 1492 3672 Τ.
1614 3632 1652 3682 f)
1678 3638 1823 3674 sutem
1851 3644 2017 3673 erasum
2042 3634 2088 3673 iu
2116 3631 2206 3673 eod.
2228 3635 2272 3682 ις
2302 3635 2432 3672 meat
2457 3645 2527 3681 ap.
2555 3633 2606 3672 A.
2628 3631 2675 3672 S.

418 3640 465 3738 Β)
490 3700 519 3728 n
538 3699 704 3728 erasum
723 3691 760 3727 1.
869 3687 920 3736 h)
944 3685 1344 3726 hillinessemensis
1362 3686 1403 3724 Β
1418 3685 1607 3732 saepius.
1712 3685 1746 3733 1)
1777 3686 1893 3725 atavi
1912 3687 1967 3725 Β.
2072 3685 2123 3737 k)
2152 3683 2425 3725 adhelheidis
2453 3686 2486 3724 V
2506 3695 2677 3734 sempe.

417 3740 453 3792 1)
481 3741 578 3832 1215oe
568 3740 625 3786 V,-
649 3740 900 3830 ὶηηοοὲἷὲξο
901 3740 956 3779 Β.
1079 3736 1142 3788 m)
1167 3734 1386 3777 aetheldis
1415 3738 1474 3786 B3
1505 3736 1581 3776 hei
1606 3736 1709 3776 add.
1728 3738 1778 3778 Τ.
1897 3738 1945 3789 ιι)
1972 3737 2093 3786 Papa
2110 3736 2424 3776 *succedente
2450 3737 2617 3784 scripsit
2645 3737 2683 3776 Τ

419 3795 466 3832 in
603 3802 734 3832 saeuo
759 3801 784 3829 r
828 3791 837 3802 ⁹
901 3819 914 3831 .

422 3880 473 3944 1)
511 3879 639 3934 Sine
673 3878 838 3932 dubio
873 3893 939 3931 em
973 3893 1058 3944 ea,
1107 3891 1248 3945 quae
1273 3876 1464 3944 periit,
1516 3875 1832 3946 Necroloqii
1866 3876 2036 3931 Mers.
2066 3883 2253 3944 parte5
2307 3877 2453 3930 Arm.
2491 3876 2679 3940 Quedl.

421 3966 474 4002 a.
509 3947 610 4002 999
647 3953 697 4002 et
731 3947 948 4002 Necroz.
984 3946 1193 4000 Luneb.
1237 3945 1440 4000 habent
1486 3945 1617 3999 VII.
1652 3944 1765 4011 Id„
1816 3945 1961 3998 Arm.
2010 3946 2223 4000 Necrol.
2268 3946 2439 4000 Fuld.
2485 3962 2538 3998 a.
2576 3946 2677 4001 999

425 4018 523 4073 VI.
560 4017 650 4072 Id.
771 4016 824 4081 2)
862 4014 984 4070 Sele
1010 4015 1270 4082 oppidum
1297 4014 1550 4070 Alsatiae
1579 4013 1873 4068 Adezheidi
1907 4014 1977 4067 ab
2007 4013 2197 4068 otton-e
2223 4016 2275 4068 I.
2309 4016 2413 4070 968
2442 4015 2583 4069 Νου.
2614 4016 2679 4069 16

419 4085 551 4150 (DO
577 4088 627 4149 I,
663 4085 790 4149 368)
835 4085 1038 4139 datum.
1205 4081 1259 4145 3)
1313 4085 1411 4138 Ex
1457 4083 1673 4138 Necrol.
1720 4084 1922 4147 Mer8.,·
1974 4084 2039 4136 de
2086 4082 2201 4137 vita
2246 4083 2563 4137 Adelheidis
2609 4081 2677 4144 ef.

421 4155 772 4224 Benteinyer‚
810 4154 941 4208 diss.
968 4153 1145 4207 Bresl.
1185 4152 1336 4208 1883.
1474 4152 1528 4217 4)
1567 4154 1636 4206 A.
1666 4152 1767 4206 999
1802 4157 2071 4206 mortuum
2107 4167 2226 4205 eum
2262 4167 2375 4205 esse
2408 4157 2589 4206 noster
2622 4153 2680 4206 in

421 4229 570 4280 Arm.
608 4223 794 4292 Quedl.
830 4222 1052 4287 invenit,
1090 4222 1231 4276 diem
1265 4221 1456 4277 mortis
1491 4237 1558 4276 ex
1600 4221 1811 4276 Necrol.
1848 4221 2081 4275 Mer-seb.
2118 4220 2331 4274 videtur
2364 4220 2677 4288 sumpsisse.

421 4291 475 4359 5)
522 4291 772 4348 Silvesbri
803 4293 888 4345 ΙΙ.
925 4307 1083 4358 papa
1113 4290 1476 4360 4999—10033
1529 4289 1601 4354 cf.
1644 4290 1777 4356 VII,
1812 4290 1897 4344 40.
2058 4288 2112 4353 6)
2161 4289 2250 4342 De
2286 4289 2426 4344 actis
2468 4289 2687 4344 concilii

424 4361 572 4416 illius
603 4361 875 4430 generalis
910 4377 946 4413 a
983 4359 1244 4427 Greyorio
1276 4360 1340 4415 V.
1375 4375 1530 4426 papa
1564 4364 1845 4426 praesente
1879 4357 2201 4424 imperatore
2237 4365 2335 4412 aut
2368 4364 2590 4413 exeunte
2626 4375 2677 4411 a.

425 4430 528 4487 998
565 4436 668 4485 aut
699 4429 832 4484 inito
867 4428 968 4484 999
1003 4428 1211 4483 Romae
1245 4427 1423 4482 habiti
1457 4429 1528 4493 ef.
1564 4425 1727 4493 Iqffd,
1765 4426 2038 4494 ‘Reyesta'
2074 4423 2161 4493 ²1,
2189 4441 2249 4494 p.
2277 4427 2397 4482 494.
