3100 5050
457 415 558 471 158
1072 415 1477 472 THIETMARI
1510 415 1773 473 CHRON.
1842 419 1979 476 LIB.
2016 419 2109 475 VI.

267 578 419 634 1009.
453 568 772 633 commisit
831 590 977 633 cum
1038 570 1268 635 baculo
1339 578 1404 633 et
1463 576 1829 653 prostratus
1890 572 2139 635 veniam
2209 572 2393 654 petii,
2478 576 2705 637 cantor

453 654 791 718 introitum
835 655 1104 737 incepit:
1177 654 1386 720 Venite
1437 655 1738 720 benedicti
1777 658 1992 741 patris
2042 659 2181 736 mei,
2238 663 2304 721 et
2354 657 2422 722 in
2474 657 2703 722 maiori

455 739 724 805 ecclesia
759 761 977 806 omnes
1013 741 1270 806 interim
1298 740 1380 805 ad
1407 742 1672 805 missam
1700 762 2049 826 campanae
2077 742 2495 819 sonabantur;
2533 742 2704 827 quod

457 826 576 889 etsi
618 846 776 891 casu
821 833 887 891 et
929 848 1054 891 non
1097 828 1276 892 iussu
1322 826 1595 892 alicuius
1649 848 1761 893 seu
1813 828 2129 911 dignitate
2182 849 2328 893 mea
2370 829 2701 907 evenisset,

453 917 673 976 tamen
714 934 830 977 rex
872 911 1113 977 bonum
1155 913 1273 977 hoc
1319 933 1458 977 esse
1500 934 1684 978 omen
1729 919 2023 979 testatur.
2111 914 2381 979 Peracto
2424 920 2578 978 tunc
2611 914 2705 978 ibi

235 1014 345 1063 Apr-
364 1014 427 1054 2³·
454 1010 726 1081 magno⁸
751 1020 792 1063 a
814 998 1114 1064 Brunone
1132 997 1481 1063 venerabili
1503 1000 1760 1083 presule
1790 1000 2091 1079 convivi0,
2116 1000 2410 1084 proximo
2438 1000 2705 1064 sabbato

455 1082 542 1148 ad
583 1082 829 1160 Novam
875 1084 1150 1150 Urbem¹
1199 1084 1503 1152 venimus,
1605 1085 1704 1149 Ibi
1756 1090 1911 1151 tunc
1963 1087 2029 1149 in
2076 1092 2299 1151 octavo
2345 1084 2705 1150 dominicae

455 1168 951 1255 sollempnitatis
981 1170 1084 1235 die
1111 1191 1150 1234 a
1175 1170 1464 1253 predicto
1491 1170 1944 1253 archipresule,
1974 1171 2353 1237 Hilliwardo
2382 1170 2703 1235 confratre

454 1261 673 1320 nostro
700 1255 1042 1320 adiuvante
1083 1260 1150 1319 et
1178 1256 1573 1341 coepiscopis
1606 1277 1737 1321 non
1765 1259 1973 1321 minus
2002 1278 2195 1341 quam
2222 1256 2347 1321 IIII
2380 1258 2702 1338 asspiran-

451 1341 652 1421 tibus,
712 1342 780 1406 in
830 1343 1003 1424 regis
1056 1342 1381 1423 presentia
1432 1343 1734 1407 crismate
1786 1344 1854 1406 in
1909 1342 2305 1408 sacerdotem
2356 1350 2701 1426 perunctus

230 1442 424 1494 Aram.
455 1448 595 1491 sum
644 1426 813 1493 VIII.
861 1426 1001 1491 Kal.
1049 1426 1199 1491 Mai.
1299 1427 1456 1492 Inde
1500 1428 1920 1492 Ratisbonam
1974 1429 2041 1493 in
2086 1428 2388 1493 Danubio
2440 1426 2702 1493 flumine

454 1513 705 1595 navigio
751 1512 1291 1596 perducimurb·*.
2366 1522 2371 1528 '

622 1600 727 1665 41.
800 1597 962 1683 (28.)
1067 1598 1324 1662 Interea
1392 1597 1733 1662 Heinricus
1803 1596 1976 1663 dux2
2044 1598 2412 1664 rebellionis
2492 1598 2702 1683 gratia

455 1684 810 1748 Bawariam
880 1683 1242 1747 clanculum
1313 1684 1557 1747 intrare
1625 1706 2025 1767 presumens,
2097 1686 2515 1751 interclusum
2578 1684 2702 1749 sibi

453 1768 700 1834 aditum
762 1790 803 1833 a
862 1769 1128 1851 provida
1187 1769 1354 1852 regis
1413 1770 1709 1834 sollercia
1762 1777 1835 1835 ut
1884 1772 2090 1854 primo
2142 1773 2492 1855 persensit,
2556 1791 2703 1834 mox

449 1853 753 1937 fugiendo
797 1855 1158 1919 revertitur.
1247 1856 1561 1933 Quocirca
1602 1856 1829 1940 optimi
1873 1857 2311 1922 Bawariorum
2349 1855 2701 1922 Ratisbone

451 1940 655 2023 regali
707 1939 921 2005 edictu
975 1942 1360 2006 conveniunt
1420 1949 1509 2020 et,
1563 1944 1852 2024 quamvis
1903 1941 2087 2007 *duci
2148 1944 2382 2008 suimet
2435 1944 2518 2008 ad
2571 1948 2701 2006 tres
2729 1949 2752 1972 *
2772 1951 2979 2001 sol-116.

451 2045 654 2090 annos
701 2046 768 2090 se
813 2024 1087 2090 alterum
1132 2032 1260 2090 non
1308 2028 1540 2110 eligere
1588 2048 1807 2093 omnes
1850 2035 2077 2111 sponte
2118 2030 2431 2109 iurarent,
2486 2038 2703 2093 tamen

451 2111 570 2175 ob⁰
629 2111 751 2176 hoc
809 2132 851 2176 a
909 2132 1060 2194 rege
1131 2114 1370 2195 iurgati
1450 2112 1829 2177 blandiciis<1
1902 2121 2095 2197 atque
2159 2116 2347 2179 minis
2409 2114 2491 2178 ab
2564 2114 2701 2179 eius

379 2222 382 2226 ·
449 2197 771 2263 famulatu
798 2203 863 2262 et
889 2197 1130 2262 auxilio
1173 2198 1576 2263 deducuntur
1604 2199 1855 2283 sibique
1882 2199 2247 2284 specialiter
2265 2207 2699 2267 assumuntur.

452 2282 556 2347 Ibi
607 2289 764 2348 tunc
817 2284 1173 2348 confratres
1236 2284 1314 2349 de
1374 2286 1765 2350 monasterio
1820 2284 2058 2351 Christi
2112 2286 2395 2349 martiris
2448 2285 2703 2349 Emme-

448 2371 702 2450 rammi,
754 2370 928 2454 quod
965 2370 1269 2435 Arnulfus
1314 2372 1662 2454 imperator
1704 2372 1772 2435 in
1816 2369 2121 2435 honorem
2166 2372 2303 2435 eius
2348 2371 2705 2435 construxit

449 2456 682 2540 hicque
727 2455 812 2520 ad
857 2456 1313 2539 corporaliter⁰
1357 2456 1764 2538 pausandum
1809 2456 1999 2540 elegit
2011 2455 2059 2536 3,
2107 2457 2498 2521 unanimiter
2534 2456 2701 2540 regis

450 2542 718 2626 pedibus
762 2542 1078 2626 provoluti
1127 2564 1206 2606 ex
1249 2548 1434 2627 parte
1489 2543 1763 2626 presulis
1810 2544 2042 2607 suimet
2085 2542 2448 2608 Gebehardi
2499 2543 2701 2608 multa

449 2627 778 2692 flebiliterf
825 2647 928 2692 me
985 2627 1208 2692 eadem
1262 2628 1567 2694 audiente
1630 2635 2015 2712 queruntur,
2071 2635 2136 2694 et
2176 2628 2326 2694 laici
2370 2637 2702 2712 presentes

449 2715 697 2797 magnis
740 2713 1304 2780 lamentationibus
1349 2715 1476 2778 hiis
1513 2714 2005 2798 subsequuntur.
2097 2714 2375 2778 Difficile
2412 2720 2509 2779 est
2541 2713 2700 2779 mihi

450 2821 753 2866 enarrare
797 2805 861 2864 et
904 2800 1098 2863 alicui
1145 2800 1428 2880 credere,
1483 2806 1728 2881 quanta
1772 2799 1850 2864 de
1894 2799 2014 2863 hoc
2060 2801 2329 2884 populus
2384 2800 2509 2865 sibi
2553 2799 2699 2864 sub-

449 2885 624 2952 ditus
661 2885 744 2950 ad
774 2895 1047 2951 vanamg
1084 2885 1506 2969 *pertinentia
1540 2885 2054 2969 superstitionem
2092 2887 2469 2970 animaeque
2503 2886 2700 2951 detri-
2726 2907 2749 2930 *
2770 2921 2823 2958 p.
2843 2911 2943 2951 818.

447 2978 733 3037 mentum
779 2992 932 3035 suae
977 2971 1377 3037 disserereth.
1465 2971 1603 3036 Hoc
1649 2971 1855 3037 solum
1903 2972 2052 3050 sci0‚
2101 2972 2271 3056 quod
2311 2970 2599 3038 moribus
2634 2975 2700 3036 et

445 3058 616 3124 raris
678 3056 1096 3139 apparatibus
1158 3057 1309 3121 huic
1375 3056 1649 3121 similem
1710 3078 2058 3140 numquam
2122 3059 2253 3123 vidi
2327 3059 2560 3142 neque¹
2618 3057 2697 3122 de

446 3141 920 3227 antiquioribus
974 3141 1210 3208 audivi.
1308 3141 1375 3206 Si
1426 3143 1740 3207 interiora
1801 3144 2227 3209 exterioribus
2291 3145 2697 3224 concordant,

446 3235 564 3294 aut
614 3227 844 3293 melior
896 3235 994 3293 est
1045 3229 1318 3294 caeteris
1374 3227 1531 3293 aut4
1585 3228 1771 3313 longe
1824 3229 2107 3294 inferior.
2211 3230 2464 3313 Optime
2515 3231 2698 3314 prius

447 3315 624 3380 culta
686 3313 946 3378 diruens
1015 3315 1194 3379 novis
1255 3313 1518 3379 insudat
1586 3315 1883 3378 maximis
1947 3314 2293 3383 laboribus.
2411 3317 2696 3381 Patriam

445 3421 588 3466 cum
633 3400 984 3465 commissis
1029 3400 1285 3481 deserit,
1330 3400 1561 3478 aliena,
1610 3405 1675 3465 et
1708 3401 1999 3483 quamvis
2034 3402 2217 3484 longe
2264 3407 2431 3479 sunt,
2476 3423 2696 3483 super-

443 3488 664 3552 vacuis
691 3485 972 3551 cultibus
1001 3487 1170 3551 colit.
1219 3486 1423 3551 Deum
1449 3492 1671 3564 testor,
1703 3484 1876 3569 quod
1895 3507 2019 3550 non
2038 3486 2119 3551 ob
2136 3486 2696 3572 reprehensionem

445 3574 546 3638 sui
589 3578 839 3638 tantum
875 3571 1035 3637 haec
1071 3571 1320 3655 loquor,
1352 3609 1438 3619 —
1472 3572 1627 3655 quia
1668 3577 1891 3636 nostra
1925 3571 2247 3656 fragilitas
2283 3573 2350 3637 in
2386 3574 2696 3656 proximis

558 3737 615 3802 ³⁸)
651 3737 837 3791 Eraso
869 3753 980 3790 uno
1013 3751 1190 3801 versu,
1235 3737 1332 3805 qui
1361 3737 1422 3790 in
1457 3737 1700 3804 maryine
1734 3736 1956 3790 emistro
1991 3742 2041 3790 et
2075 3736 2218 3791 inter
2251 3737 2425 3792 lineas
2460 3738 2698 3806 scriptus

649 3813 782 3928 ᾅξας,
817 3807 876 3859 in
899 3820 1016 3928 ἕτηῖ
1051 3806 1294 3873 margine
1331 3805 1460 3860 add.
1488 3805 1567 3860 N:
1604 3804 1671 3858 In
1707 3803 1893 3858 diebus
1928 3803 2041 3858 illis
2078 3804 2235 3860 famis
2272 3822 2471 3875 magna
2502 3807 2561 3860 in
2594 3806 2697 3862 hac
2798 3828 2805 3836 ·

707 3890 864 3944 glone
922 3891 977 3927 u1
1009 3913 1022 3926 .

444 4017 488 4070 a)
512 4029 674 4069 magna
697 4021 752 4060 Β.
865 4017 912 4068 b)
939 4017 1178 4067 perducim’
1206 4019 1244 4058 1.
1357 4017 1399 4070 c)
1425 4019 1480 4058 ab
1505 4019 1562 4057 B.
1688 4016 1733 4066 d)
1760 4018 1925 4058 tertium
1950 4018 1967 4056 1
1992 4019 2093 4058 add.
2118 4020 2166 4060 T.
2282 4020 2325 4069 ο)
2352 4017 2631 4068 corpu-aliter
2655 4020 2697 4058 B

442 4073 627 4164 sapiu?
752 4070 790 4122 f)
823 4070 994 4110 fieblter
1020 4073 1060 4109 1.
1193 4070 1240 4120 g)
1276 4080 1408 4109 unam
1435 4071 1488 4119 B,
1514 4080 1541 4107 a
1568 4068 1671 4148 adel.
1694 4070 1743 4109 Τ.
1874 4070 1925 4122 h)
1956 4071 2131 4110 aunum
2160 4081 2181 4110 s
2208 4071 2310 4112 add.
2336 4072 2387 4111 T.
2514 4071 2548 4122 1)
2574 4074 2620 4109 et
2643 4071 2695 4120 B,

444 4243 499 4308 1)
534 4243 800 4311 Neuburq
828 4243 904 4296 ad
927 4240 1269 4295 Danubium.
1306 4245 1373 4295 L.
1455 4240 1510 4306 2)
1540 4243 1745 4296 Frater
1768 4243 2008 4311 reyinae,
2036 4258 2179 4296 anno
2207 4243 2342 4297 1004
2369 4243 2481 4296 dux
2506 4242 2693 4296 Bava-

441 4315 558 4367 riae
598 4313 920 4366 constitutus
955 4311 1028 4371 (v.
1065 4325 1239 4376 supra
1274 4325 1318 4364 e.
1345 4311 1418 4374 3),
1469 4311 1566 4379 qui
1597 4316 1729 4366 tunc
1757 4312 2065 4378 proditione
2101 4311 2218 4365 eius
2254 4327 2291 4364 a
2322 4326 2447 4379 reae
2480 4311 2695 4377 comita

440 4381 512 4442 (c.
539 4381 633 4444 35)
667 4398 703 4433 a
743 4387 850 4434 erte
885 4378 1196 4434 seditionem
1218 4377 1422 4444 frama
1457 4380 1552 4434 sui
1576 4380 1803 4434 adiuvit.
1940 4380 1993 4445 3)
2030 4377 2116 4445 Of.
2140 4380 2443 4446 Dizmmler‚
2481 4377 2694 4434 ‘Gesch

441 4449 539 4504 des
575 4447 672 4503 Ost
697 4448 850 4503 rank.
880 4447 1129 4502 Reiehes'
1165 4449 1241 4501 ΙΙ
1237 4448 1276 4500 Ι
1273 4485 1288 4513 ,
1323 4448 1441 4502 474.
1579 4447 1633 4514 4)
1671 4448 1757 4503 Se.
1794 4449 1848 4502 si
1879 4463 1986 4502 non
2022 4449 2364 4503 concordant.
2433 4449 2505 4503 L.
