<?xml version="1.0" encoding="UTF-8"?>
<!DOCTYPE html PUBLIC "-//W3C//DTD XHTML 1.0 Transitional//EN"
    "http://www.w3.org/TR/xhtml1/DTD/xhtml1-transitional.dtd">
<html xmlns="http://www.w3.org/1999/xhtml" xml:lang="en" lang="en">
 <head>
  <title>
</title>
<meta http-equiv="Content-Type" content="text/html;charset=utf-8" />
  <meta name='ocr-system' content='tesseract 3.04.00' />
  <meta name='ocr-capabilities' content='ocr_page ocr_carea ocr_par ocr_line ocrx_word'/>
</head>
<body>
  <div class='ocr_page' id='page_1' title='image "./thietmarimerseb00lappgoog_0092.png"; bbox 0 0 3100 5050; ppageno 0'>
   <div class='ocr_carea' id='block_1_1' title="bbox 419 389 2093 450">
    <p class='ocr_par' dir='ltr' id='par_1_1' title="bbox 419 389 2093 482">
     <span class='ocr_line' id='line_1_1' title="bbox 419 389 2093 450; baseline -0.001 0"><span class='ocrx_word' id='word_1_1' title='bbox 419 395 488 450; x_wconf 81' lang='lat'><strong>⁷2</strong></span> <span class='ocrx_word' id='word_1_2' title='bbox 1017 391 1420 447; x_wconf 82' lang='lat' dir='ltr'>THIE&#39;I&#39;MARI</span> <span class='ocrx_word' id='word_1_3' title='bbox 1455 389 1720 446; x_wconf 79' lang='lat' dir='ltr'><strong>CHRON.</strong></span> <span class='ocrx_word' id='word_1_4' title='bbox 1789 393 1927 447; x_wconf 89' lang='lat' dir='ltr'><strong>LIB.</strong></span> <span class='ocrx_word' id='word_1_5' title='bbox 1963 393 2093 448; x_wconf 89' lang='lat'><strong>1111.</strong></span> 
     </span>
    </p>
   </div>
   <div class='ocr_carea' id='block_1_2' title="bbox 109 544 2935 3722">
    <p class='ocr_par' dir='ltr' id='par_1_2' title="bbox 264 544 2935 1314">
     <span class='ocr_line' id='line_1_2' title="bbox 264 544 2930 645; baseline 0 -33"><span class='ocrx_word' id='word_1_6' title='bbox 264 557 382 612; x_wconf 83' lang='lat'><strong>990.</strong></span> <span class='ocrx_word' id='word_1_7' title='bbox 596 546 691 612; x_wconf 89' lang='grc'><strong>13.</strong></span> <span class='ocrx_word' id='word_1_8' title='bbox 737 545 1070 632; x_wconf 72' lang='lat' dir='ltr'><strong>[*Inde⁸·¹</strong></span> <span class='ocrx_word' id='word_1_9' title='bbox 1107 566 1401 611; x_wconf 86' lang='lat' dir='ltr'><strong>reversus</strong></span> <span class='ocrx_word' id='word_1_10' title='bbox 1434 544 1655 610; x_wconf 90' lang='lat' dir='ltr'><strong>urbem</strong></span> <span class='ocrx_word' id='word_1_11' title='bbox 1694 566 1884 610; x_wconf 88' lang='lat' dir='ltr'><strong>unam</strong></span> <span class='ocrx_word' id='word_1_12' title='bbox 1917 598 1932 614; x_wconf 97' lang='lat'><strong>.</strong></span> <span class='ocrx_word' id='word_1_13' title='bbox 1954 596 1967 610; x_wconf 96' lang='lat'><strong>.</strong></span> <span class='ocrx_word' id='word_1_14' title='bbox 1992 547 2049 612; x_wconf 75' lang='lat'><strong>‚¹³</strong></span> <span class='ocrx_word' id='word_1_15' title='bbox 2081 546 2379 612; x_wconf 84' lang='lat' dir='ltr'><strong>nomine2</strong></span> <span class='ocrx_word' id='word_1_16' title='bbox 2408 547 2692 631; x_wconf 75' lang='lat' dir='ltr'><strong>possedit</strong></span> <span class='ocrx_word' id='word_1_17' title='bbox 2718 552 2845 645; x_wconf 48' lang='lat'><strong>*52²3</strong></span> <span class='ocrx_word' id='word_1_18' title='bbox 2862 551 2930 645; x_wconf 62' lang='lat'><strong>⁵33</strong></span> 
     </span>
     <span class='ocr_line' id='line_1_3' title="bbox 419 629 2935 717; baseline 0 -20"><span class='ocrx_word' id='word_1_19' title='bbox 419 636 487 697; x_wconf 86' lang='lat' dir='ltr'><strong>et</strong></span> <span class='ocrx_word' id='word_1_20' title='bbox 529 632 699 697; x_wconf 87' lang='lat' dir='ltr'><strong>hanc</strong></span> <span class='ocrx_word' id='word_1_21' title='bbox 743 653 890 697; x_wconf 92' lang='lat' dir='ltr'><strong>cum</strong></span> <span class='ocrx_word' id='word_1_22' title='bbox 934 631 1197 697; x_wconf 89' lang='lat' dir='ltr'><strong>domino</strong></span> <span class='ocrx_word' id='word_1_23' title='bbox 1241 632 1402 708; x_wconf 89' lang='lat' dir='ltr'><strong>eius,</strong></span> <span class='ocrx_word' id='word_1_24' title='bbox 1449 629 1715 696; x_wconf 87' lang='lat' dir='ltr'><strong>urbanis</strong></span> <span class='ocrx_word' id='word_1_25' title='bbox 1759 631 1852 696; x_wconf 90' lang='lat' dir='ltr'><strong>nil</strong></span> <span class='ocrx_word' id='word_1_26' title='bbox 1891 633 2419 716; x_wconf 87' lang='lat' dir='ltr'><strong>repugnantibus,</strong></span> <span class='ocrx_word' id='word_1_27' title='bbox 2461 634 2683 717; x_wconf 88' lang='lat' dir='ltr'><strong>acqui·</strong></span> <span class='ocrx_word' id='word_1_28' title='bbox 2848 633 2860 646; x_wconf 86' lang='grc'><em>“</em></span> <span class='ocrx_word' id='word_1_29' title='bbox 2922 631 2935 645; x_wconf 84' lang='grc'><strong>’</strong></span> 
     </span>
     <span class='ocr_line' id='line_1_4' title="bbox 418 715 2678 801; baseline 0.001 -19"><span class='ocrx_word' id='word_1_30' title='bbox 418 718 568 782; x_wconf 84' lang='lat' dir='ltr'><strong>sivit</strong></span> <span class='ocrx_word' id='word_1_31' title='bbox 612 716 1013 801; x_wconf 89' lang='lat' dir='ltr'><strong>eundemque</strong></span> <span class='ocrx_word' id='word_1_32' title='bbox 1047 717 1320 782; x_wconf 87' lang='lat' dir='ltr'><strong>Liuticis</strong></span> <span class='ocrx_word' id='word_1_33' title='bbox 1374 715 1457 781; x_wconf 83' lang='lat' dir='ltr'><strong>ad</strong></span> <span class='ocrx_word' id='word_1_34' title='bbox 1503 715 1952 782; x_wconf 88' lang='lat' dir='ltr'><strong>decollandum</strong></span> <span class='ocrx_word' id='word_1_35' title='bbox 1997 717 2193 784; x_wconf 80' lang='lat' dir='ltr'><strong>dedit.</strong></span> <span class='ocrx_word' id='word_1_36' title='bbox 2297 719 2431 784; x_wconf 88' lang='lat' dir='ltr'><strong>Nec</strong></span> <span class='ocrx_word' id='word_1_37' title='bbox 2475 739 2678 799; x_wconf 87' lang='lat' dir='ltr'><strong>mora,</strong></span> 
     </span>
     <span class='ocr_line' id='line_1_5' title="bbox 419 801 2680 870; baseline 0 -3"><span class='ocrx_word' id='word_1_38' title='bbox 419 803 545 868; x_wconf 87' lang='lat' dir='ltr'><strong>diis</strong></span> <span class='ocrx_word' id='word_1_39' title='bbox 589 803 992 868; x_wconf 73' lang='lat' dir='ltr'><strong>fautoribus⁰</strong></span> <span class='ocrx_word' id='word_1_40' title='bbox 1035 801 1198 867; x_wconf 88' lang='lat' dir='ltr'><strong>haec</strong></span> <span class='ocrx_word' id='word_1_41' title='bbox 1243 803 1413 867; x_wconf 85' lang='lat' dir='ltr'><strong>ostia</strong></span> <span class='ocrx_word' id='word_1_42' title='bbox 1468 808 1623 867; x_wconf 85' lang='lat' dir='ltr'><strong>ante</strong></span> <span class='ocrx_word' id='word_1_43' title='bbox 1667 802 1890 867; x_wconf 86' lang='lat' dir='ltr'><strong>urbem</strong></span> <span class='ocrx_word' id='word_1_44' title='bbox 1946 802 2214 868; x_wconf 86' lang='lat' dir='ltr'><strong>offertur</strong></span> <span class='ocrx_word' id='word_1_45' title='bbox 2256 810 2322 868; x_wconf 91' lang='lat' dir='ltr'><strong>et</strong></span> <span class='ocrx_word' id='word_1_46' title='bbox 2355 804 2434 869; x_wconf 91' lang='lat' dir='ltr'><strong>de</strong></span> <span class='ocrx_word' id='word_1_47' title='bbox 2470 825 2680 870; x_wconf 85' lang='lat' dir='ltr'><strong>rever-</strong></span> 
     </span>
     <span class='ocr_line' id='line_1_6' title="bbox 417 887 2678 956; baseline 0 -3"><span class='ocrx_word' id='word_1_48' title='bbox 417 889 595 953; x_wconf 81' lang='lat' dir='ltr'>sione</span> <span class='ocrx_word' id='word_1_49' title='bbox 630 887 712 953; x_wconf 88' lang='lat' dir='ltr'><strong>ab</strong></span> <span class='ocrx_word' id='word_1_50' title='bbox 749 887 1044 954; x_wconf 88' lang='lat' dir='ltr'><strong>omnibus</strong></span> <span class='ocrx_word' id='word_1_51' title='bbox 1080 887 1460 954; x_wconf 68' lang='lat' dir='ltr'><strong>tractaturd.</strong></span> <span class='ocrx_word' id='word_1_52' title='bbox 1550 888 1728 952; x_wconf 92' lang='lat' dir='ltr'><strong>Tunc</strong></span> <span class='ocrx_word' id='word_1_53' title='bbox 1764 888 2122 954; x_wconf 85' lang='lat' dir='ltr'><strong>Bolizlavus</strong></span> <span class='ocrx_word' id='word_1_54' title='bbox 2172 891 2379 955; x_wconf 88' lang='lat' dir='ltr'><strong>sciens</strong></span> <span class='ocrx_word' id='word_1_55' title='bbox 2422 895 2678 956; x_wconf 85' lang='lat' dir='ltr'><strong>nostros</strong></span> 
     </span>
     <span class='ocr_line' id='line_1_7' title="bbox 417 973 2679 1058; baseline 0.001 -20"><span class='ocrx_word' id='word_1_56' title='bbox 417 995 498 1038; x_wconf 86' lang='lat' dir='ltr'><strong>ex</strong></span> <span class='ocrx_word' id='word_1_57' title='bbox 547 979 732 1058; x_wconf 87' lang='lat' dir='ltr'><strong>parte</strong></span> <span class='ocrx_word' id='word_1_58' title='bbox 784 974 1204 1039; x_wconf 88' lang='lat' dir='ltr'><strong>Liuticiorum</strong></span> <span class='ocrx_word' id='word_1_59' title='bbox 1255 973 1609 1039; x_wconf 74' lang='lat' dir='ltr'><strong>incolumes</strong></span> <span class='ocrx_word' id='word_1_60' title='bbox 1663 994 1789 1039; x_wconf 91' lang='lat' dir='ltr'><strong>non</strong></span> <span class='ocrx_word' id='word_1_61' title='bbox 1840 995 2026 1058; x_wconf 90' lang='lat' dir='ltr'><strong>posse</strong></span> <span class='ocrx_word' id='word_1_62' title='bbox 2088 974 2346 1040; x_wconf 89' lang='lat' dir='ltr'><strong>domum</strong></span> <span class='ocrx_word' id='word_1_63' title='bbox 2408 976 2546 1041; x_wconf 88' lang='lat' dir='ltr'><strong>sine</strong></span> <span class='ocrx_word' id='word_1_64' title='bbox 2604 996 2679 1040; x_wconf 91' lang='lat' dir='ltr'><strong>eo</strong></span> 
     </span>
     <span class='ocr_line' id='line_1_8' title="bbox 415 1058 2677 1143; baseline 0 -19"><span class='ocrx_word' id='word_1_65' title='bbox 415 1059 750 1142; x_wconf 87' lang='lat' dir='ltr'><strong>pervenire</strong></span> <span class='ocrx_word' id='word_1_66' title='bbox 789 1059 1078 1124; x_wconf 88' lang='lat' dir='ltr'><strong>crastino</strong></span> <span class='ocrx_word' id='word_1_67' title='bbox 1117 1058 1366 1124; x_wconf 80' lang='lat' dir='ltr'><strong>dimisit</strong></span> <span class='ocrx_word' id='word_1_68' title='bbox 1391 1079 1503 1124; x_wconf 89' lang='lat' dir='ltr'><strong>eos</strong></span> <span class='ocrx_word' id='word_1_69' title='bbox 1531 1059 1928 1143; x_wconf 78' lang='lat' dir='ltr'><strong>crepuscuIO,</strong></span> <span class='ocrx_word' id='word_1_70' title='bbox 1958 1065 2032 1126; x_wconf 89' lang='lat' dir='ltr'><strong>ut</strong></span> <span class='ocrx_word' id='word_1_71' title='bbox 2049 1061 2381 1126; x_wconf 80' lang='lat' dir='ltr'><strong>ammoniti</strong></span> <span class='ocrx_word' id='word_1_72' title='bbox 2400 1061 2677 1141; x_wconf 88' lang='lat' dir='ltr'><strong>fuerant,</strong></span> 
     </span>
     <span class='ocr_line' id='line_1_9' title="bbox 416 1144 2678 1230; baseline 0.001 -21"><span class='ocrx_word' id='word_1_73' title='bbox 416 1144 690 1210; x_wconf 85' lang='lat' dir='ltr'><strong>multum</strong></span> <span class='ocrx_word' id='word_1_74' title='bbox 721 1151 1164 1230; x_wconf 79' lang='lat' dir='ltr'><strong>properantes.</strong></span> <span class='ocrx_word' id='word_1_75' title='bbox 1247 1144 1432 1222; x_wconf 86' lang='lat' dir='ltr'><strong>Quod</strong></span> <span class='ocrx_word' id='word_1_76' title='bbox 1471 1150 1545 1209; x_wconf 91' lang='lat' dir='ltr'><strong>ut</strong></span> <span class='ocrx_word' id='word_1_77' title='bbox 1578 1144 1855 1228; x_wconf 86' lang='lat' dir='ltr'><strong>predicti</strong></span> <span class='ocrx_word' id='word_1_78' title='bbox 1902 1145 2117 1211; x_wconf 88' lang='lat' dir='ltr'><strong>hostes</strong></span> <span class='ocrx_word' id='word_1_79' title='bbox 2154 1147 2678 1230; x_wconf 79' lang='lat' dir='ltr'><strong>comperierunt⁰‚</strong></span> 
     </span>
     <span class='ocr_line' id='line_1_10' title="bbox 415 1229 2674 1314; baseline 0.001 -19"><span class='ocrx_word' id='word_1_80' title='bbox 415 1251 580 1313; x_wconf 88' lang='lat' dir='ltr'><strong>pone</strong></span> <span class='ocrx_word' id='word_1_81' title='bbox 624 1231 808 1314; x_wconf 89' lang='lat' dir='ltr'><strong>sequi</strong></span> <span class='ocrx_word' id='word_1_82' title='bbox 850 1232 1133 1295; x_wconf 85' lang='lat' dir='ltr'><strong>maxima</strong></span> <span class='ocrx_word' id='word_1_83' title='bbox 1179 1229 1538 1296; x_wconf 81' lang='lat' dir='ltr'><strong>electorum·</strong></span> <span class='ocrx_word' id='word_1_84' title='bbox 1570 1230 2017 1296; x_wconf 73' lang='lat' dir='ltr'><strong>multitudines</strong></span> <span class='ocrx_word' id='word_1_85' title='bbox 2057 1253 2204 1297; x_wconf 86' lang='lat' dir='ltr'><strong>mox</strong></span> <span class='ocrx_word' id='word_1_86' title='bbox 2256 1232 2674 1298; x_wconf 73' lang='lat' dir='ltr'><strong>nitebanturf.</strong></span> 
     </span>
    </p>

    <p class='ocr_par' dir='ltr' id='par_1_3' title="bbox 414 1313 2764 2603">
     <span class='ocr_line' id='line_1_11' title="bbox 417 1313 2679 1466; baseline 0.001 -86"><span class='ocrx_word' id='word_1_87' title='bbox 417 1317 593 1394; x_wconf 86' lang='lat' dir='ltr'><strong>Quos</strong></span> <span class='ocrx_word' id='word_1_88' title='bbox 639 1313 1204 1466; x_wconf 56' lang='lat' dir='ltr'><strong>Bolizlavfflvix]</strong></span> <span class='ocrx_word' id='word_1_89' title='bbox 1250 1317 1626 1398; x_wconf 83' lang='lat' dir='ltr'><strong>conpescuit</strong></span> <span class='ocrx_word' id='word_1_90' title='bbox 1668 1315 1934 1382; x_wconf 90' lang='lat' dir='ltr'><strong>talibus:</strong></span> <span class='ocrx_word' id='word_1_91' title='bbox 1983 1317 2151 1392; x_wconf 87' lang='lat' dir='ltr'><strong>‘Vos‚</strong></span> <span class='ocrx_word' id='word_1_92' title='bbox 2198 1318 2311 1402; x_wconf 91' lang='lat' dir='ltr'><strong>qui</strong></span> <span class='ocrx_word' id='word_1_93' title='bbox 2356 1320 2421 1382; x_wconf 91' lang='lat' dir='ltr'><strong>in</strong></span> <span class='ocrx_word' id='word_1_94' title='bbox 2467 1339 2679 1383; x_wconf 91' lang='lat' dir='ltr'><strong>meum</strong></span> 
     </span>
     <span class='ocr_line' id='line_1_12' title="bbox 416 1401 2680 1487; baseline 0.001 -22"><span class='ocrx_word' id='word_1_95' title='bbox 416 1401 541 1467; x_wconf 91' lang='lat' dir='ltr'><strong>huc</strong></span> <span class='ocrx_word' id='word_1_96' title='bbox 587 1401 848 1467; x_wconf 86' lang='lat' dir='ltr'><strong>venistis</strong></span> <span class='ocrx_word' id='word_1_97' title='bbox 893 1423 935 1466; x_wconf 90' lang='lat' dir='ltr'><strong>a</strong></span> <span class='ocrx_word' id='word_1_98' title='bbox 1028 1402 1041 1415; x_wconf 83' lang='lat'>‘</span> <span class='ocrx_word' id='word_1_99' title='bbox 1073 1402 1222 1479; x_wconf 90' lang='lat' dir='ltr'><strong>ium,</strong></span> <span class='ocrx_word' id='word_1_100' title='bbox 1272 1401 1480 1466; x_wconf 86' lang='lat' dir='ltr'><strong>videte</strong></span> <span class='ocrx_word' id='word_1_101' title='bbox 1525 1408 1599 1465; x_wconf 88' lang='lat' dir='ltr'><strong>ut</strong></span> <span class='ocrx_word' id='word_1_102' title='bbox 1641 1401 1761 1466; x_wconf 89' lang='lat' dir='ltr'><strong>hoc</strong></span> <span class='ocrx_word' id='word_1_103' title='bbox 1803 1401 2153 1485; x_wconf 88' lang='lat' dir='ltr'><strong>perficiatis</strong></span> <span class='ocrx_word' id='word_1_104' title='bbox 2198 1402 2452 1483; x_wconf 90' lang='lat' dir='ltr'><strong>bonum,</strong></span> <span class='ocrx_word' id='word_1_105' title='bbox 2508 1403 2680 1487; x_wconf 89' lang='lat' dir='ltr'><strong>quod</strong></span> 
     </span>
     <span class='ocr_line' id='line_1_13' title="bbox 416 1486 2681 1573; baseline 0.001 -22"><span class='ocrx_word' id='word_1_106' title='bbox 416 1487 766 1570; x_wconf 77' lang='lat' dir='ltr'><strong>incepistiS,</strong></span> <span class='ocrx_word' id='word_1_107' title='bbox 803 1508 922 1570; x_wconf 88' lang='lat' dir='ltr'><strong>pro</strong></span> <span class='ocrx_word' id='word_1_108' title='bbox 956 1493 1134 1552; x_wconf 87' lang='lat' dir='ltr'><strong>certo</strong></span> <span class='ocrx_word' id='word_1_109' title='bbox 1169 1487 1461 1566; x_wconf 76' lang='lat' dir='ltr'><strong>scienteS,</strong></span> <span class='ocrx_word' id='word_1_110' title='bbox 1500 1486 1675 1570; x_wconf 90' lang='lat' dir='ltr'><strong>quod</strong></span> <span class='ocrx_word' id='word_1_111' title='bbox 1709 1487 1848 1567; x_wconf 92' lang='lat' dir='ltr'><strong>hos,</strong></span> <span class='ocrx_word' id='word_1_112' title='bbox 1893 1508 2057 1571; x_wconf 91' lang='lat' dir='ltr'><strong>quos</strong></span> <span class='ocrx_word' id='word_1_113' title='bbox 2092 1489 2158 1552; x_wconf 91' lang='lat' dir='ltr'><strong>in</strong></span> <span class='ocrx_word' id='word_1_114' title='bbox 2194 1488 2385 1554; x_wconf 89' lang='lat' dir='ltr'><strong>fidem</strong></span> <span class='ocrx_word' id='word_1_115' title='bbox 2424 1490 2681 1573; x_wconf 86' lang='lat' dir='ltr'><strong>succepi</strong></span> 
     </span>
     <span class='ocr_line' id='line_1_14' title="bbox 417 1573 2678 1657; baseline 0.001 -20"><span class='ocrx_word' id='word_1_116' title='bbox 417 1593 627 1637; x_wconf 88' lang='lat' dir='ltr'><strong>meam</strong></span> <span class='ocrx_word' id='word_1_117' title='bbox 680 1580 745 1638; x_wconf 90' lang='lat' dir='ltr'><strong>et</strong></span> <span class='ocrx_word' id='word_1_118' title='bbox 795 1574 862 1637; x_wconf 89' lang='lat' dir='ltr'><strong>in</strong></span> <span class='ocrx_word' id='word_1_119' title='bbox 917 1573 1088 1638; x_wconf 88' lang='lat' dir='ltr'><strong>bona</strong></span> <span class='ocrx_word' id='word_1_120' title='bbox 1137 1592 1297 1655; x_wconf 88' lang='lat' dir='ltr'><strong>pace</strong></span> <span class='ocrx_word' id='word_1_121' title='bbox 1351 1573 1595 1651; x_wconf 88' lang='lat' dir='ltr'><strong>dimisi,</strong></span> <span class='ocrx_word' id='word_1_122' title='bbox 1649 1573 1784 1638; x_wconf 83' lang='lat' dir='ltr'><strong>vita</strong></span> <span class='ocrx_word' id='word_1_123' title='bbox 1838 1575 2183 1657; x_wconf 86' lang='lat' dir='ltr'><strong>superstite</strong></span> <span class='ocrx_word' id='word_1_124' title='bbox 2236 1595 2381 1640; x_wconf 86' lang='lat' dir='ltr'><strong>mea</strong></span> <span class='ocrx_word' id='word_1_125' title='bbox 2432 1575 2678 1639; x_wconf 90' lang='lat' dir='ltr'><strong>nullum</strong></span> 
     </span>
     <span class='ocr_line' id='line_1_15' title="bbox 416 1657 2676 1743; baseline 0.001 -21"><span class='ocrx_word' id='word_1_126' title='bbox 416 1658 604 1723; x_wconf 87' lang='lat' dir='ltr'><strong>hodie</strong></span> <span class='ocrx_word' id='word_1_127' title='bbox 621 1659 843 1741; x_wconf 85' lang='lat' dir='ltr'><strong>pacior</strong></span> <span class='ocrx_word' id='word_1_128' title='bbox 866 1659 1113 1743; x_wconf 89' lang='lat' dir='ltr'><strong>perpeti</strong></span> <span class='ocrx_word' id='word_1_129' title='bbox 1139 1658 1400 1723; x_wconf 87' lang='lat' dir='ltr'><strong>malum.</strong></span> <span class='ocrx_word' id='word_1_130' title='bbox 1445 1657 1587 1723; x_wconf 89' lang='lat' dir='ltr'><strong>Non</strong></span> <span class='ocrx_word' id='word_1_131' title='bbox 1617 1665 1716 1724; x_wconf 91' lang='lat' dir='ltr'><strong>est</strong></span> <span class='ocrx_word' id='word_1_132' title='bbox 1741 1658 1926 1724; x_wconf 89' lang='lat' dir='ltr'><strong>nobis</strong></span> <span class='ocrx_word' id='word_1_133' title='bbox 1952 1659 2159 1724; x_wconf 88' lang='lat' dir='ltr'><strong>honor</strong></span> <span class='ocrx_word' id='word_1_134' title='bbox 2184 1679 2303 1724; x_wconf 89' lang='lat' dir='ltr'><strong>nec</strong></span> <span class='ocrx_word' id='word_1_135' title='bbox 2322 1660 2676 1742; x_wconf 90' lang='lat' dir='ltr'><strong>consilium,</strong></span> 
     </span>
     <span class='ocr_line' id='line_1_16' title="bbox 414 1743 2680 1833; baseline 0.002 -25"><span class='ocrx_word' id='word_1_136' title='bbox 414 1743 726 1809; x_wconf 80' lang='lat' dir='ltr'><strong>hactenus</strong></span> <span class='ocrx_word' id='word_1_137' title='bbox 753 1745 992 1810; x_wconf 88' lang='lat' dir='ltr'><strong>amicos</strong></span> <span class='ocrx_word' id='word_1_138' title='bbox 1018 1745 1373 1810; x_wconf 81' lang='lat' dir='ltr'><strong>familiares</strong></span> <span class='ocrx_word' id='word_1_139' title='bbox 1407 1765 1522 1810; x_wconf 90' lang='lat' dir='ltr'><strong>nos</strong></span> <span class='ocrx_word' id='word_1_140' title='bbox 1560 1765 1729 1809; x_wconf 92' lang='lat' dir='ltr'><strong>nunc</strong></span> <span class='ocrx_word' id='word_1_141' title='bbox 1764 1743 1935 1809; x_wconf 88' lang='lat' dir='ltr'><strong>effici</strong></span> <span class='ocrx_word' id='word_1_142' title='bbox 1975 1744 2402 1833; x_wconf 87' lang='lat' dir='ltr'><strong>[manifestos]</strong></span> <span class='ocrx_word' id='word_1_143' title='bbox 2440 1745 2680 1814; x_wconf 87' lang='lat' dir='ltr'><strong>hostes.</strong></span> 
     </span>
     <span class='ocr_line' id='line_1_17' title="bbox 417 1830 2679 1913; baseline 0.001 -19"><span class='ocrx_word' id='word_1_144' title='bbox 417 1830 564 1895; x_wconf 90' lang='lat' dir='ltr'><strong>Scio</strong></span> <span class='ocrx_word' id='word_1_145' title='bbox 626 1850 923 1913; x_wconf 86' lang='lat' dir='ltr'><strong>magnam</strong></span> <span class='ocrx_word' id='word_1_146' title='bbox 986 1831 1156 1895; x_wconf 87' lang='lat' dir='ltr'><strong>inter</strong></span> <span class='ocrx_word' id='word_1_147' title='bbox 1215 1850 1324 1895; x_wconf 86' lang='lat' dir='ltr'><strong>vos</strong></span> <span class='ocrx_word' id='word_1_148' title='bbox 1386 1851 1526 1895; x_wconf 90' lang='lat' dir='ltr'><strong>esse</strong></span> <span class='ocrx_word' id='word_1_149' title='bbox 1586 1830 2027 1907; x_wconf 82' lang='lat' dir='ltr'><strong>inimiciciam3</strong></span> <span class='ocrx_word' id='word_1_150' title='bbox 2100 1836 2167 1896; x_wconf 93' lang='lat' dir='ltr'><strong>et</strong></span> <span class='ocrx_word' id='word_1_151' title='bbox 2225 1831 2388 1896; x_wconf 87' lang='lat' dir='ltr'><strong>hanc</strong></span> <span class='ocrx_word' id='word_1_152' title='bbox 2454 1831 2679 1897; x_wconf 88' lang='lat' dir='ltr'><strong>ulcisci</strong></span> 
     </span>
     <span class='ocr_line' id='line_1_18' title="bbox 415 1914 2687 2002; baseline 0.001 -22"><span class='ocrx_word' id='word_1_153' title='bbox 415 1915 717 1980; x_wconf 87' lang='lat' dir='ltr'><strong>eveniunt</strong></span> <span class='ocrx_word' id='word_1_154' title='bbox 733 1915 915 1980; x_wconf 84' lang='lat' dir='ltr'><strong>vobis</strong></span> <span class='ocrx_word' id='word_1_155' title='bbox 941 1922 1236 2000; x_wconf 89' lang='lat' dir='ltr'><strong>tempora</strong></span> <span class='ocrx_word' id='word_1_156' title='bbox 1269 1914 1398 1980; x_wconf 88' lang='lat' dir='ltr'><strong>hiis</strong></span> <span class='ocrx_word' id='word_1_157' title='bbox 1423 1915 1628 1980; x_wconf 91' lang='lat' dir='ltr'><strong>multo</strong></span> <span class='ocrx_word' id='word_1_158' title='bbox 1658 1916 1957 1999; x_wconf 61' lang='lat' dir='ltr'><strong>apciora!</strong></span> <span class='ocrx_word' id='word_1_159' title='bbox 2005 1917 2147 1981; x_wconf 92' lang='lat' dir='ltr'><strong>Hiis</strong></span> <span class='ocrx_word' id='word_1_160' title='bbox 2174 1915 2384 1981; x_wconf 89' lang='lat' dir='ltr'><strong>sedati</strong></span> <span class='ocrx_word' id='word_1_161' title='bbox 2410 1917 2687 2002; x_wconf 88' lang='lat' dir='ltr'><strong>eloquiis·</strong></span> 
     </span>
     <span class='ocr_line' id='line_1_19' title="bbox 415 1999 2764 2088; baseline 0.001 -23"><span class='ocrx_word' id='word_1_162' title='bbox 415 2001 652 2066; x_wconf 89' lang='lat' dir='ltr'><strong>Liutici</strong></span> <span class='ocrx_word' id='word_1_163' title='bbox 690 1999 854 2066; x_wconf 87' lang='lat' dir='ltr'><strong>duos</strong></span> <span class='ocrx_word' id='word_1_164' title='bbox 893 2001 977 2066; x_wconf 85' lang='lat' dir='ltr'><strong>ab</strong></span> <span class='ocrx_word' id='word_1_165' title='bbox 1012 2021 1086 2065; x_wconf 91' lang='lat' dir='ltr'><strong>eo</strong></span> <span class='ocrx_word' id='word_1_166' title='bbox 1126 1999 1394 2088; x_wconf 89' lang='lat' dir='ltr'><strong>[detenti</strong></span> <span class='ocrx_word' id='word_1_167' title='bbox 1434 2011 1463 2050; x_wconf 70' lang='lat'><strong>⁸</strong></span> <span class='ocrx_word' id='word_1_168' title='bbox 1507 2000 1747 2065; x_wconf 89' lang='lat' dir='ltr'><strong>ibidem</strong></span> <span class='ocrx_word' id='word_1_169' title='bbox 1776 2001 1914 2067; x_wconf 88' lang='lat' dir='ltr'><strong>dies</strong></span> <span class='ocrx_word' id='word_1_170' title='bbox 1942 2010 2007 2066; x_wconf 90' lang='lat' dir='ltr'><strong>et</strong></span> <span class='ocrx_word' id='word_1_171' title='bbox 2033 2008 2187 2067; x_wconf 90' lang='lat' dir='ltr'><strong>tunc</strong></span> <span class='ocrx_word' id='word_1_172' title='bbox 2212 2002 2481 2068; x_wconf 86' lang='lat' dir='ltr'><strong>invicem</strong></span> <span class='ocrx_word' id='word_1_173' title='bbox 2508 2003 2681 2069; x_wconf 88' lang='lat' dir='ltr'><strong>salu·</strong></span> <span class='ocrx_word' id='word_1_174' title='bbox 2758 2084 2764 2088; x_wconf 31' lang='grc'><strong>,</strong></span> 
     </span>
     <span class='ocr_line' id='line_1_20' title="bbox 416 2085 2714 2174; baseline 0.001 -23"><span class='ocrx_word' id='word_1_175' title='bbox 416 2092 628 2152; x_wconf 90' lang='lat' dir='ltr'><strong>tantes</strong></span> <span class='ocrx_word' id='word_1_176' title='bbox 685 2085 1204 2174; x_wconf 89' lang='lat' dir='ltr'><strong>antiquum[que]</strong></span> <span class='ocrx_word' id='word_1_177' title='bbox 1260 2086 1366 2151; x_wconf 87' lang='lat' dir='ltr'><strong>foe</strong></span> <span class='ocrx_word' id='word_1_178' title='bbox 1415 2087 1530 2151; x_wconf 75' lang='lat' dir='ltr'><strong>ush</strong></span> <span class='ocrx_word' id='word_1_179' title='bbox 1599 2092 1979 2151; x_wconf 85' lang='lat' dir='ltr'><strong>renovantes</strong></span> <span class='ocrx_word' id='word_1_180' title='bbox 2041 2088 2495 2156; x_wconf 88' lang='lat' dir='ltr'><strong>discescerunt.</strong></span> <span class='ocrx_word' id='word_1_181' title='bbox 2598 2089 2714 2170; x_wconf 56' lang='lat' dir='ltr'><strong>Et,</strong></span> 
     </span>
     <span class='ocr_line' id='line_1_21' title="bbox 416 2172 2681 2258; baseline 0.002 -22"><span class='ocrx_word' id='word_1_182' title='bbox 416 2178 572 2237; x_wconf 89' lang='lat' dir='ltr'><strong>tunc</strong></span> <span class='ocrx_word' id='word_1_183' title='bbox 605 2172 702 2237; x_wconf 91' lang='lat' dir='ltr'><strong>illi</strong></span> <span class='ocrx_word' id='word_1_184' title='bbox 740 2172 1050 2252; x_wconf 90' lang='lat' dir='ltr'><strong>infideles,</strong></span> <span class='ocrx_word' id='word_1_185' title='bbox 1087 2175 1200 2255; x_wconf 91' lang='lat' dir='ltr'><strong>qui</strong></span> <span class='ocrx_word' id='word_1_186' title='bbox 1235 2177 1486 2238; x_wconf 86' lang='lat' dir='ltr'><strong>nostros</strong></span> <span class='ocrx_word' id='word_1_187' title='bbox 1520 2172 2028 2255; x_wconf 87' lang='lat' dir='ltr'><strong>insequerentur,</strong></span> <span class='ocrx_word' id='word_1_188' title='bbox 2065 2174 2223 2257; x_wconf 88' lang='lat' dir='ltr'><strong>quia</strong></span> <span class='ocrx_word' id='word_1_189' title='bbox 2254 2175 2447 2258; x_wconf 88' lang='lat' dir='ltr'><strong>pauci</strong></span> <span class='ocrx_word' id='word_1_190' title='bbox 2478 2181 2681 2254; x_wconf 89' lang='lat' dir='ltr'><strong>erant,</strong></span> 
     </span>
     <span class='ocr_line' id='line_1_22' title="bbox 416 2256 2677 2344; baseline 0.001 -22"><span class='ocrx_word' id='word_1_191' title='bbox 416 2257 724 2324; x_wconf 87' lang='lat' dir='ltr'><strong>ducentos</strong></span> <span class='ocrx_word' id='word_1_192' title='bbox 787 2258 1024 2323; x_wconf 90' lang='lat' dir='ltr'><strong>milites</strong></span> <span class='ocrx_word' id='word_1_193' title='bbox 1085 2256 1420 2339; x_wconf 86' lang='lat' dir='ltr'><strong>eligerunt.</strong></span> <span class='ocrx_word' id='word_1_194' title='bbox 1541 2257 1726 2334; x_wconf 82' lang='lat' dir='ltr'><strong>Quod</strong></span> <span class='ocrx_word' id='word_1_195' title='bbox 1788 2259 2026 2324; x_wconf 86' lang='lat' dir='ltr'><strong>nostris</strong></span> <span class='ocrx_word' id='word_1_196' title='bbox 2089 2279 2239 2324; x_wconf 86' lang='lat' dir='ltr'><strong>mox</strong></span> <span class='ocrx_word' id='word_1_197' title='bbox 2300 2281 2342 2324; x_wconf 97' lang='lat' dir='ltr'><strong>a</strong></span> <span class='ocrx_word' id='word_1_198' title='bbox 2398 2260 2677 2344; x_wconf 88' lang='lat' dir='ltr'><strong>quodam</strong></span> 
     </span>
     <span class='ocr_line' id='line_1_23' title="bbox 415 2343 2679 2430; baseline 0.001 -22"><span class='ocrx_word' id='word_1_199' title='bbox 415 2343 736 2410; x_wconf 80' lang='lat' dir='ltr'><strong>Hodonis¹</strong></span> <span class='ocrx_word' id='word_1_200' title='bbox 780 2344 1057 2410; x_wconf 87' lang='lat' dir='ltr'><strong>satellite</strong></span> <span class='ocrx_word' id='word_1_201' title='bbox 1101 2343 1358 2408; x_wconf 88' lang='lat' dir='ltr'><strong>comitis</strong></span> <span class='ocrx_word' id='word_1_202' title='bbox 1401 2343 1770 2409; x_wconf 87' lang='lat' dir='ltr'><strong>intimatum</strong></span> <span class='ocrx_word' id='word_1_203' title='bbox 1816 2349 1931 2408; x_wconf 90' lang='lat' dir='ltr'><strong>est.</strong></span> <span class='ocrx_word' id='word_1_204' title='bbox 2036 2344 2216 2410; x_wconf 89' lang='lat' dir='ltr'><strong>Unde</strong></span> <span class='ocrx_word' id='word_1_205' title='bbox 2268 2345 2336 2409; x_wconf 92' lang='lat' dir='ltr'><strong>in</strong></span> <span class='ocrx_word' id='word_1_206' title='bbox 2386 2346 2534 2430; x_wconf 87' lang='lat' dir='ltr'><strong>ipsa</strong></span> <span class='ocrx_word' id='word_1_207' title='bbox 2576 2367 2679 2411; x_wconf 88' lang='lat' dir='ltr'><strong>ac-</strong></span> 
     </span>
     <span class='ocr_line' id='line_1_24' title="bbox 416 2428 2680 2516; baseline 0.001 -22"><span class='ocrx_word' id='word_1_208' title='bbox 416 2430 772 2495; x_wconf 84' lang='lat' dir='ltr'><strong>celerantes</strong></span> <span class='ocrx_word' id='word_1_209' title='bbox 817 2430 994 2508; x_wconf 89' lang='lat' dir='ltr'><strong>hora,</strong></span> <span class='ocrx_word' id='word_1_210' title='bbox 1040 2430 1178 2494; x_wconf 92' lang='lat' dir='ltr'><strong>Deo</strong></span> <span class='ocrx_word' id='word_1_211' title='bbox 1221 2429 1487 2512; x_wconf 77' lang='lat' dir='ltr'><strong>gratias!</strong></span> <span class='ocrx_word' id='word_1_212' title='bbox 1534 2428 1619 2493; x_wconf 84' lang='lat' dir='ltr'><strong>ad</strong></span> <span class='ocrx_word' id='word_1_213' title='bbox 1657 2428 2099 2514; x_wconf 86' lang='lat' dir='ltr'><strong>Magadaburg</strong></span> <span class='ocrx_word' id='word_1_214' title='bbox 2142 2431 2495 2497; x_wconf 86' lang='lat' dir='ltr'><strong>incolumes</strong></span> <span class='ocrx_word' id='word_1_215' title='bbox 2537 2454 2680 2516; x_wconf 91' lang='lat' dir='ltr'><strong>per-</strong></span> 
     </span>
     <span class='ocr_line' id='line_1_25' title="bbox 415 2514 2272 2603; baseline 0.002 -21"><span class='ocrx_word' id='word_1_216' title='bbox 415 2523 747 2597; x_wconf 88' lang='lat' dir='ltr'><strong>venerunt,</strong></span> <span class='ocrx_word' id='word_1_217' title='bbox 793 2514 1089 2581; x_wconf 89' lang='lat' dir='ltr'><strong>hostibus</strong></span> <span class='ocrx_word' id='word_1_218' title='bbox 1137 2537 1203 2580; x_wconf 90' lang='lat' dir='ltr'><strong>se</strong></span> <span class='ocrx_word' id='word_1_219' title='bbox 1247 2515 1316 2580; x_wconf 92' lang='lat' dir='ltr'><strong>in</strong></span> <span class='ocrx_word' id='word_1_220' title='bbox 1359 2536 1592 2581; x_wconf 86' lang='lat' dir='ltr'><strong>vanum</strong></span> <span class='ocrx_word' id='word_1_221' title='bbox 1642 2515 1735 2581; x_wconf 90' lang='lat' dir='ltr'><strong>sic</strong></span> <span class='ocrx_word' id='word_1_222' title='bbox 1781 2515 2272 2603; x_wconf 67' lang='lat' dir='ltr'><strong>laborantibus]</strong></span> 
     </span>
    </p>

    <p class='ocr_par' dir='ltr' id='par_1_4' title="bbox 415 2600 2934 3629">
     <span class='ocr_line' id='line_1_26' title="bbox 591 2600 2934 2688; baseline 0 -21"><span class='ocrx_word' id='word_1_223' title='bbox 591 2604 688 2668; x_wconf 89' lang='lat'><strong>14.</strong></span> <span class='ocrx_word' id='word_1_224' title='bbox 749 2601 912 2688; x_wconf 88' lang='lat'><strong>(10.)</strong></span> <span class='ocrx_word' id='word_1_225' title='bbox 983 2601 1090 2688; x_wconf 92' lang='lat' dir='ltr'><strong>[Id</strong></span> <span class='ocrx_word' id='word_1_226' title='bbox 1134 2608 1209 2667; x_wconf 89' lang='lat' dir='ltr'><strong>ut</strong></span> <span class='ocrx_word' id='word_1_227' title='bbox 1250 2601 1552 2684; x_wconf 88' lang='lat' dir='ltr'><strong>primitus</strong></span> <span class='ocrx_word' id='word_1_228' title='bbox 1612 2600 1917 2680; x_wconf 83' lang='lat' dir='ltr'><strong>*audivit,</strong></span> <span class='ocrx_word' id='word_1_229' title='bbox 1977 2604 2398 2687; x_wconf 86' lang='lat' dir='ltr'><strong>prosperitati</strong></span> <span class='ocrx_word' id='word_1_230' title='bbox 2456 2624 2679 2669; x_wconf 88' lang='lat' dir='ltr'><strong>eorum</strong></span> <span class='ocrx_word' id='word_1_231' title='bbox 2709 2625 2730 2650; x_wconf 78' lang='grc'>*</span> <span class='ocrx_word' id='word_1_232' title='bbox 2750 2627 2832 2676; x_wconf 73' lang='lat' dir='ltr'><strong>sot·</strong></span> <span class='ocrx_word' id='word_1_233' title='bbox 2852 2625 2934 2667; x_wconf 68' lang='grc' dir='ltr'><strong>ω’.</strong></span> 
     </span>
     <span class='ocr_line' id='line_1_27' title="bbox 416 2686 2681 2771; baseline 0 -18"><span class='ocrx_word' id='word_1_234' title='bbox 416 2688 640 2753; x_wconf 86' lang='lat' dir='ltr'><strong>arrisit</strong></span> <span class='ocrx_word' id='word_1_235' title='bbox 690 2688 1088 2771; x_wconf 85' lang='lat' dir='ltr'><strong>imperatrix.</strong></span> <span class='ocrx_word' id='word_1_236' title='bbox 1188 2686 1316 2752; x_wconf 86' lang='lat' dir='ltr'><strong>Sed</strong></span> <span class='ocrx_word' id='word_1_237' title='bbox 1367 2688 1523 2771; x_wconf 90' lang='lat' dir='ltr'><strong>quia</strong></span> <span class='ocrx_word' id='word_1_238' title='bbox 1576 2686 1655 2753; x_wconf 90' lang='lat' dir='ltr'><strong>de</strong></span> <span class='ocrx_word' id='word_1_239' title='bbox 1709 2708 1746 2752; x_wconf 94' lang='lat' dir='ltr'><strong>o</strong></span> <span class='ocrx_word' id='word_1_240' title='bbox 1792 2689 1954 2753; x_wconf 92' lang='lat' dir='ltr'><strong>tima</strong></span> <span class='ocrx_word' id='word_1_241' title='bbox 2006 2690 2146 2754; x_wconf 89' lang='lat' dir='ltr'><strong>eius</strong></span> <span class='ocrx_word' id='word_1_242' title='bbox 2192 2691 2681 2755; x_wconf 87' lang='lat' dir='ltr'><strong>conversacione</strong></span> 
     </span>
     <span class='ocr_line' id='line_1_28' title="bbox 415 2710 2681 2859; baseline 0.001 -22"><span class='ocrx_word' id='word_1_243' title='bbox 415 2793 644 2855; x_wconf 86' lang='lat' dir='ltr'><strong>parum</strong></span> <span class='ocrx_word' id='word_1_244' title='bbox 705 2772 861 2837; x_wconf 92' lang='lat' dir='ltr'><strong>mihi</strong></span> <span class='ocrx_word' id='word_1_245' title='bbox 918 2773 1003 2839; x_wconf 89' lang='lat' dir='ltr'><strong>ad</strong></span> <span class='ocrx_word' id='word_1_246' title='bbox 1047 2772 1394 2839; x_wconf 68' lang='lat' dir='ltr'><strong>noticiam¹¹</strong></span> <span class='ocrx_word' id='word_1_247' title='bbox 1450 2774 1649 2853; x_wconf 86' lang='lat' dir='ltr'><strong>venit,</strong></span> <span class='ocrx_word' id='word_1_248' title='bbox 1708 2710 1856 2838; x_wconf 53' lang='grc' dir='ltr'>ίιξθο</span> <span class='ocrx_word' id='word_1_249' title='bbox 1914 2775 2209 2859; x_wconf 89' lang='lat' dir='ltr'><strong>superius</strong></span> <span class='ocrx_word' id='word_1_250' title='bbox 2268 2776 2542 2841; x_wconf 86' lang='lat' dir='ltr'><strong>strictim</strong></span> <span class='ocrx_word' id='word_1_251' title='bbox 2601 2774 2681 2839; x_wconf 88' lang='lat' dir='ltr'><strong>de</strong></span> 
     </span>
     <span class='ocr_line' id='line_1_29' title="bbox 417 2858 2683 2942; baseline 0.001 -19"><span class='ocrx_word' id='word_1_252' title='bbox 417 2861 710 2925; x_wconf 89' lang='lat' dir='ltr'><strong>inmensa</strong></span> <span class='ocrx_word' id='word_1_253' title='bbox 770 2858 909 2924; x_wconf 90' lang='lat' dir='ltr'><strong>eius</strong></span> <span class='ocrx_word' id='word_1_254' title='bbox 971 2858 1306 2925; x_wconf 87' lang='lat' dir='ltr'><strong>nobilitate</strong></span> <span class='ocrx_word' id='word_1_255' title='bbox 1369 2858 1669 2942; x_wconf 87' lang='lat' dir='ltr'><strong>explicui.</strong></span> <span class='ocrx_word' id='word_1_256' title='bbox 1785 2860 1961 2925; x_wconf 89' lang='lat' dir='ltr'><strong>Haec</strong></span> <span class='ocrx_word' id='word_1_257' title='bbox 2030 2860 2459 2927; x_wconf 89' lang='lat' dir='ltr'><strong>occidentales</strong></span> <span class='ocrx_word' id='word_1_258' title='bbox 2528 2867 2683 2926; x_wconf 88' lang='lat' dir='ltr'><strong>tunc</strong></span> 
     </span>
     <span class='ocr_line' id='line_1_30' title="bbox 416 2944 2917 3030; baseline 0 -21"><span class='ocrx_word' id='word_1_259' title='bbox 416 2945 738 3010; x_wconf 84' lang='lat' dir='ltr'><strong>inhabitat</strong></span> <span class='ocrx_word' id='word_1_260' title='bbox 781 2946 1100 3027; x_wconf 85' lang='lat' dir='ltr'><strong>regiones,</strong></span> <span class='ocrx_word' id='word_1_261' title='bbox 1145 2966 1314 3028; x_wconf 90' lang='lat' dir='ltr'><strong>quae</strong></span> <span class='ocrx_word' id='word_1_262' title='bbox 1358 2944 1516 3009; x_wconf 79' lang='lat' dir='ltr'><strong>*hoc</strong></span> <span class='ocrx_word' id='word_1_263' title='bbox 1554 2946 1812 3010; x_wconf 90' lang='lat' dir='ltr'><strong>nomine</strong></span> <span class='ocrx_word' id='word_1_264' title='bbox 1865 2946 2092 3010; x_wconf 90' lang='lat' dir='ltr'><strong>merito</strong></span> <span class='ocrx_word' id='word_1_265' title='bbox 2143 2947 2474 3026; x_wconf 89' lang='lat' dir='ltr'><strong>dicuntur,</strong></span> <span class='ocrx_word' id='word_1_266' title='bbox 2528 2947 2681 3030; x_wconf 89' lang='lat' dir='ltr'><strong>quia</strong></span> <span class='ocrx_word' id='word_1_267' title='bbox 2709 2969 2731 2991; x_wconf 69' lang='lat'><strong>¹·</strong></span> <span class='ocrx_word' id='word_1_268' title='bbox 2752 2982 2803 3019; x_wconf 67' lang='grc' dir='ltr'><strong>ρ.</strong></span> <span class='ocrx_word' id='word_1_269' title='bbox 2826 2970 2917 3010; x_wconf 80' lang='lat' dir='ltr'><strong>m.</strong></span> 
     </span>
     <span class='ocr_line' id='line_1_31' title="bbox 417 3029 2681 3120; baseline 0.001 -26"><span class='ocrx_word' id='word_1_270' title='bbox 417 3029 656 3095; x_wconf 91' lang='lat' dir='ltr'><strong>ibidem</strong></span> <span class='ocrx_word' id='word_1_271' title='bbox 717 3030 814 3096; x_wconf 90' lang='lat' dir='ltr'><strong>sol</strong></span> <span class='ocrx_word' id='word_1_272' title='bbox 872 3037 938 3095; x_wconf 90' lang='lat' dir='ltr'><strong>et</strong></span> <span class='ocrx_word' id='word_1_273' title='bbox 996 3031 1204 3096; x_wconf 90' lang='lat' dir='ltr'><strong>omnis</strong></span> <span class='ocrx_word' id='word_1_274' title='bbox 1267 3030 1520 3114; x_wconf 89' lang='lat' dir='ltr'><strong>equitas</strong></span> <span class='ocrx_word' id='word_1_275' title='bbox 1582 3052 1729 3095; x_wconf 87' lang='lat' dir='ltr'><strong>cum</strong></span> <span class='ocrx_word' id='word_1_276' title='bbox 1796 3030 2196 3119; x_wconf 84' lang='lat' dir='ltr'><strong>[obediencia</strong></span> <span class='ocrx_word' id='word_1_277' title='bbox 2256 3031 2346 3120; x_wconf 91' lang='lat' dir='ltr'><strong>et]</strong></span> <span class='ocrx_word' id='word_1_278' title='bbox 2412 3033 2681 3097; x_wconf 85' lang='lat' dir='ltr'><strong>caritate</strong></span> 
     </span>
     <span class='ocr_line' id='line_1_32' title="bbox 418 3116 2682 3199; baseline 0.002 -20"><span class='ocrx_word' id='word_1_279' title='bbox 418 3120 643 3181; x_wconf 86' lang='lat' dir='ltr'><strong>mutua</strong></span> <span class='ocrx_word' id='word_1_280' title='bbox 687 3116 753 3180; x_wconf 91' lang='lat' dir='ltr'><strong>in</strong></span> <span class='ocrx_word' id='word_1_281' title='bbox 799 3136 1096 3182; x_wconf 87' lang='lat' dir='ltr'><strong>occasum</strong></span> <span class='ocrx_word' id='word_1_282' title='bbox 1143 3137 1212 3181; x_wconf 90' lang='lat' dir='ltr'><strong>se</strong></span> <span class='ocrx_word' id='word_1_283' title='bbox 1256 3117 1478 3199; x_wconf 86' lang='lat' dir='ltr'><strong>vergit.</strong></span> <span class='ocrx_word' id='word_1_284' title='bbox 1570 3116 1713 3182; x_wconf 88' lang='lat' dir='ltr'><strong>Nox</strong></span> <span class='ocrx_word' id='word_1_285' title='bbox 1756 3117 1849 3181; x_wconf 91' lang='lat' dir='ltr'><strong>nil</strong></span> <span class='ocrx_word' id='word_1_286' title='bbox 1895 3117 2071 3183; x_wconf 89' lang='lat' dir='ltr'><strong>aliud</strong></span> <span class='ocrx_word' id='word_1_287' title='bbox 2118 3123 2234 3197; x_wconf 88' lang='lat' dir='ltr'><strong>est,</strong></span> <span class='ocrx_word' id='word_1_288' title='bbox 2280 3118 2404 3183; x_wconf 91' lang='lat' dir='ltr'><strong>nisi</strong></span> <span class='ocrx_word' id='word_1_289' title='bbox 2450 3118 2682 3183; x_wconf 89' lang='lat' dir='ltr'><strong>umbra</strong></span> 
     </span>
     <span class='ocr_line' id='line_1_33' title="bbox 416 3201 2680 3287; baseline 0 -19"><span class='ocrx_word' id='word_1_290' title='bbox 416 3203 693 3281; x_wconf 83' lang='lat' dir='ltr'><strong>terrae*,</strong></span> <span class='ocrx_word' id='word_1_291' title='bbox 740 3210 802 3267; x_wconf 89' lang='lat' dir='ltr'><strong>et</strong></span> <span class='ocrx_word' id='word_1_292' title='bbox 848 3201 971 3266; x_wconf 89' lang='lat' dir='ltr'><strong>hoc</strong></span> <span class='ocrx_word' id='word_1_293' title='bbox 1009 3206 1238 3281; x_wconf 89' lang='lat' dir='ltr'><strong>totum,</strong></span> <span class='ocrx_word' id='word_1_294' title='bbox 1285 3201 1458 3286; x_wconf 90' lang='lat' dir='ltr'><strong>quod</strong></span> <span class='ocrx_word' id='word_1_295' title='bbox 1493 3202 1833 3285; x_wconf 85' lang='lat' dir='ltr'><strong>indigenae</strong></span> <span class='ocrx_word' id='word_1_296' title='bbox 1867 3204 1977 3269; x_wconf 87' lang='lat' dir='ltr'><strong>isti</strong></span> <span class='ocrx_word' id='word_1_297' title='bbox 2014 3209 2380 3287; x_wconf 87' lang='lat' dir='ltr'><strong>operantur,</strong></span> <span class='ocrx_word' id='word_1_298' title='bbox 2426 3203 2518 3268; x_wconf 92' lang='lat' dir='ltr'><strong>nil</strong></span> <span class='ocrx_word' id='word_1_299' title='bbox 2554 3204 2680 3269; x_wconf 90' lang='lat' dir='ltr'><strong>nisi</strong></span> 
     </span>
     <span class='ocr_line' id='line_1_34' title="bbox 415 3286 2682 3372; baseline 0 -19"><span class='ocrx_word' id='word_1_300' title='bbox 415 3294 770 3372; x_wconf 87' lang='lat' dir='ltr'><strong>peccatum.</strong></span> <span class='ocrx_word' id='word_1_301' title='bbox 862 3286 985 3352; x_wconf 92' lang='lat' dir='ltr'><strong>Hic</strong></span> <span class='ocrx_word' id='word_1_302' title='bbox 1036 3286 1476 3371; x_wconf 86' lang='lat' dir='ltr'><strong>predicatores</strong></span> <span class='ocrx_word' id='word_1_303' title='bbox 1533 3289 1741 3354; x_wconf 90' lang='lat' dir='ltr'><strong>sancti</strong></span> <span class='ocrx_word' id='word_1_304' title='bbox 1794 3290 1860 3352; x_wconf 87' lang='lat' dir='ltr'><strong>in</strong></span> <span class='ocrx_word' id='word_1_305' title='bbox 1906 3309 2139 3355; x_wconf 86' lang='lat' dir='ltr'><strong>vanum</strong></span> <span class='ocrx_word' id='word_1_306' title='bbox 2192 3288 2519 3370; x_wconf 86' lang='lat' dir='ltr'><strong>laborant,</strong></span> <span class='ocrx_word' id='word_1_307' title='bbox 2575 3289 2682 3353; x_wconf 90' lang='lat' dir='ltr'><strong>hic</strong></span> 
     </span>
     <span class='ocr_line' id='line_1_35' title="bbox 416 3373 2681 3458; baseline 0 -20"><span class='ocrx_word' id='word_1_308' title='bbox 416 3394 598 3458; x_wconf 86' lang='lat' dir='ltr'><strong>reges</strong></span> <span class='ocrx_word' id='word_1_309' title='bbox 644 3379 711 3437; x_wconf 90' lang='lat' dir='ltr'><strong>et</strong></span> <span class='ocrx_word' id='word_1_310' title='bbox 755 3373 995 3438; x_wconf 89' lang='lat' dir='ltr'><strong>caeteri</strong></span> <span class='ocrx_word' id='word_1_311' title='bbox 1040 3373 1363 3457; x_wconf 86' lang='lat' dir='ltr'><strong>principes</strong></span> <span class='ocrx_word' id='word_1_312' title='bbox 1407 3373 1732 3440; x_wconf 91' lang='lat' dir='ltr'><strong>modicum</strong></span> <span class='ocrx_word' id='word_1_313' title='bbox 1770 3375 2013 3453; x_wconf 84' lang='lat' dir='ltr'><strong>valent3</strong></span> <span class='ocrx_word' id='word_1_314' title='bbox 2061 3374 2373 3457; x_wconf 89' lang='lat' dir='ltr'><strong>predones</strong></span> <span class='ocrx_word' id='word_1_315' title='bbox 2418 3381 2483 3440; x_wconf 91' lang='lat' dir='ltr'><strong>et</strong></span> <span class='ocrx_word' id='word_1_316' title='bbox 2524 3375 2681 3440; x_wconf 88' lang='lat' dir='ltr'><strong>iusti</strong></span> 
     </span>
     <span class='ocr_line' id='line_1_36' title="bbox 416 3457 2680 3544; baseline 0 -20"><span class='ocrx_word' id='word_1_317' title='bbox 416 3465 862 3541; x_wconf 88' lang='lat' dir='ltr'><strong>persecutores</strong></span> <span class='ocrx_word' id='word_1_318' title='bbox 907 3457 1338 3527; x_wconf 87' lang='lat' dir='ltr'><strong>dominantur.</strong></span> <span class='ocrx_word' id='word_1_319' title='bbox 1437 3459 1643 3525; x_wconf 88' lang='lat' dir='ltr'><strong>Multa</strong></span> <span class='ocrx_word' id='word_1_320' title='bbox 1688 3466 2060 3525; x_wconf 88' lang='lat' dir='ltr'><strong>sanctorum</strong></span> <span class='ocrx_word' id='word_1_321' title='bbox 2105 3480 2381 3544; x_wconf 90' lang='lat' dir='ltr'><strong>corpora</strong></span> <span class='ocrx_word' id='word_1_322' title='bbox 2433 3462 2501 3523; x_wconf 89' lang='lat' dir='ltr'><strong>in</strong></span> <span class='ocrx_word' id='word_1_323' title='bbox 2552 3460 2680 3525; x_wconf 90' lang='lat' dir='ltr'><strong>hiis</strong></span> 
     </span>
     <span class='ocr_line' id='line_1_37' title="bbox 416 3544 2683 3629; baseline 0.001 -20"><span class='ocrx_word' id='word_1_324' title='bbox 416 3544 712 3629; x_wconf 84' lang='lat' dir='ltr'><strong>partibus</strong></span> <span class='ocrx_word' id='word_1_325' title='bbox 748 3546 1183 3629; x_wconf 81' lang='lat' dir='ltr'><strong>requiescunt3</strong></span> <span class='ocrx_word' id='word_1_326' title='bbox 1238 3545 1350 3610; x_wconf 91' lang='lat' dir='ltr'><strong>sed</strong></span> <span class='ocrx_word' id='word_1_327' title='bbox 1386 3544 1821 3610; x_wconf 88' lang='lat' dir='ltr'><strong>habitatores¹</strong></span> <span class='ocrx_word' id='word_1_328' title='bbox 1857 3548 1990 3623; x_wconf 92' lang='lat' dir='ltr'><strong>hos,</strong></span> <span class='ocrx_word' id='word_1_329' title='bbox 2031 3551 2104 3610; x_wconf 90' lang='lat' dir='ltr'><strong>ut</strong></span> <span class='ocrx_word' id='word_1_330' title='bbox 2129 3546 2330 3625; x_wconf 80' lang='lat' dir='ltr'><strong>viden,</strong></span> <span class='ocrx_word' id='word_1_331' title='bbox 2369 3552 2683 3629; x_wconf 88' lang='lat' dir='ltr'><strong>spernunt</strong></span> 
     </span>
    </p>

    <p class='ocr_par' dir='ltr' id='par_1_5' title="bbox 109 3621 2681 3722">
     <span class='ocr_line' id='line_1_38' title="bbox 109 3621 2681 3722; baseline 0.001 -27"><span class='ocrx_word' id='word_1_332' title='bbox 109 3621 327 3722; x_wconf 50' lang='grc' dir='ltr'><strong>Ηοζξξξς,</strong></span> <span class='ocrx_word' id='word_1_333' title='bbox 353 3621 390 3673; x_wconf 75' lang='lat'><strong>¹³</strong></span> <span class='ocrx_word' id='word_1_334' title='bbox 416 3631 915 3713; x_wconf 60' lang='lat' dir='ltr'><strong>prevaricantes</strong></span> <span class='ocrx_word' id='word_1_335' title='bbox 1005 3629 1131 3695; x_wconf 89' lang='lat' dir='ltr'><strong>Sed</strong></span> <span class='ocrx_word' id='word_1_336' title='bbox 1174 3652 1254 3695; x_wconf 91' lang='lat' dir='ltr'><strong>ne</strong></span> <span class='ocrx_word' id='word_1_337' title='bbox 1298 3631 1444 3714; x_wconf 89' lang='lat' dir='ltr'><strong>quis</strong></span> <span class='ocrx_word' id='word_1_338' title='bbox 1480 3652 1583 3697; x_wconf 89' lang='lat' dir='ltr'><strong>me</strong></span> <span class='ocrx_word' id='word_1_339' title='bbox 1624 3630 1910 3717; x_wconf 68' lang='lat' dir='ltr'><strong>Crispini</strong></span> <span class='ocrx_word' id='word_1_340' title='bbox 1944 3632 2319 3717; x_wconf 77' lang='lat' dir='ltr'><strong>discipulum</strong></span> <span class='ocrx_word' id='word_1_341' title='bbox 2356 3632 2522 3717; x_wconf 83' lang='lat' dir='ltr'><strong>lippi</strong></span> <span class='ocrx_word' id='word_1_342' title='bbox 2556 3654 2681 3697; x_wconf 74' lang='lat' dir='ltr'><strong>esse</strong></span> 
     </span>
    </p>
   </div>
   <div class='ocr_carea' id='block_1_3' title="bbox 529 3751 2200 3823">
    <p class='ocr_par' dir='ltr' id='par_1_6' title="bbox 529 3751 2200 3823">
     <span class='ocr_line' id='line_1_39' title="bbox 529 3751 2200 3823; baseline 0 -15"><span class='ocrx_word' id='word_1_343' title='bbox 529 3751 585 3817; x_wconf 74' lang='lat'><strong>²¹⁸)</strong></span> <span class='ocrx_word' id='word_1_344' title='bbox 621 3752 728 3808; x_wconf 88' lang='lat' dir='ltr'><strong>Per</strong></span> <span class='ocrx_word' id='word_1_345' title='bbox 762 3769 924 3823; x_wconf 86' lang='lat' dir='ltr'><strong>quam</strong></span> <span class='ocrx_word' id='word_1_346' title='bbox 961 3752 1281 3821; x_wconf 87' lang='lat' dir='ltr'><strong>perfidorum</strong></span> <span class='ocrx_word' id='word_1_347' title='bbox 1316 3754 1537 3820; x_wconf 86' lang='lat' dir='ltr'><strong>peccata</strong></span> <span class='ocrx_word' id='word_1_348' title='bbox 1572 3751 1960 3821; x_wconf 86' lang='lat' dir='ltr'><strong>intelliguntur</strong></span> <span class='ocrx_word' id='word_1_349' title='bbox 1995 3754 2124 3808; x_wconf 77' lang='lat' dir='ltr'><strong>add.</strong></span> <span class='ocrx_word' id='word_1_350' title='bbox 2151 3756 2200 3808; x_wconf 80' lang='lat'><strong>2.</strong></span> 
     </span>
    </p>
   </div>
   <div class='ocr_carea' id='block_1_4' title="bbox 415 3854 2684 4009">
    <p class='ocr_par' dir='ltr' id='par_1_7' title="bbox 415 3854 2684 4009">
     <span class='ocr_line' id='line_1_40' title="bbox 417 3854 2682 3907; baseline 0.001 -14"><span class='ocrx_word' id='word_1_351' title='bbox 417 3857 464 3903; x_wconf 71' lang='lat' dir='ltr'><strong>a)</strong></span> <span class='ocrx_word' id='word_1_352' title='bbox 491 3854 567 3894; x_wconf 72' lang='lat' dir='ltr'><strong>hoo</strong></span> <span class='ocrx_word' id='word_1_353' title='bbox 584 3855 742 3904; x_wconf 74' lang='lat' dir='ltr'><strong>folium</strong></span> <span class='ocrx_word' id='word_1_354' title='bbox 769 3860 829 3896; x_wconf 73' lang='lat' dir='ltr'><strong>ut</strong></span> <span class='ocrx_word' id='word_1_355' title='bbox 853 3857 1068 3907; x_wconf 52' lang='lat' dir='ltr'><strong>&amp;nouzon</strong></span> <span class='ocrx_word' id='word_1_356' title='bbox 1096 3858 1134 3894; x_wconf 76' lang='lat' dir='ltr'><strong>et</strong></span> <span class='ocrx_word' id='word_1_357' title='bbox 1153 3856 1302 3905; x_wconf 70' lang='lat' dir='ltr'><strong>postea</strong></span> <span class='ocrx_word' id='word_1_358' title='bbox 1317 3854 1530 3903; x_wconf 68' lang='lat' dir='ltr'><strong>fasciculo</strong></span> <span class='ocrx_word' id='word_1_359' title='bbox 1555 3856 1768 3896; x_wconf 63' lang='lat' dir='ltr'><strong>ima-tum.</strong></span> <span class='ocrx_word' id='word_1_360' title='bbox 1911 3854 1959 3905; x_wconf 85' lang='lat' dir='ltr'><strong>b)</strong></span> <span class='ocrx_word' id='word_1_361' title='bbox 1986 3857 2171 3905; x_wconf 71' lang='lat' dir='ltr'><strong>epatium</strong></span> <span class='ocrx_word' id='word_1_362' title='bbox 2196 3855 2265 3895; x_wconf 72' lang='lat' dir='ltr'><strong>hic</strong></span> <span class='ocrx_word' id='word_1_363' title='bbox 2288 3856 2441 3906; x_wconf 71' lang='lat' dir='ltr'><strong>septem</strong></span> <span class='ocrx_word' id='word_1_364' title='bbox 2456 3855 2553 3904; x_wconf 75' lang='lat' dir='ltr'><strong>fere</strong></span> <span class='ocrx_word' id='word_1_365' title='bbox 2580 3854 2682 3895; x_wconf 73' lang='lat' dir='ltr'><strong>liue-</strong></span> 
     </span>
     <span class='ocr_line' id='line_1_41' title="bbox 415 3904 2684 3959; baseline 0 -14"><span class='ocrx_word' id='word_1_366' title='bbox 415 3917 562 3945; x_wconf 77' lang='lat' dir='ltr'><strong>rarum</strong></span> <span class='ocrx_word' id='word_1_367' title='bbox 587 3909 776 3947; x_wconf 55' lang='lat' dir='ltr'><strong>relicum</strong></span> <span class='ocrx_word' id='word_1_368' title='bbox 803 3910 842 3947; x_wconf 84' lang='lat'><strong>1.</strong></span> <span class='ocrx_word' id='word_1_369' title='bbox 948 3906 991 3957; x_wconf 81' lang='lat' dir='ltr'><strong>c)</strong></span> <span class='ocrx_word' id='word_1_370' title='bbox 1017 3907 1062 3945; x_wconf 80' lang='lat' dir='ltr'><strong>d.</strong></span> <span class='ocrx_word' id='word_1_371' title='bbox 1084 3905 1117 3947; x_wconf 76' lang='lat' dir='ltr'><strong>s.</strong></span> <span class='ocrx_word' id='word_1_372' title='bbox 1145 3917 1268 3946; x_wconf 72' lang='lat' dir='ltr'><strong>crasa</strong></span> <span class='ocrx_word' id='word_1_373' title='bbox 1293 3907 1340 3945; x_wconf 72' lang='lat' dir='ltr'><strong>in</strong></span> <span class='ocrx_word' id='word_1_374' title='bbox 1367 3908 1412 3951; x_wconf 82' lang='lat'><strong>1;</strong></span> <span class='ocrx_word' id='word_1_375' title='bbox 1441 3907 1516 3946; x_wconf 71' lang='lat' dir='ltr'><strong>scd</strong></span> <span class='ocrx_word' id='word_1_376' title='bbox 1541 3906 1595 3945; x_wconf 77' lang='lat' dir='ltr'><strong>A.</strong></span> <span class='ocrx_word' id='word_1_377' title='bbox 1616 3908 1664 3947; x_wconf 79' lang='lat' dir='ltr'><strong>S.</strong></span> <span class='ocrx_word' id='word_1_378' title='bbox 1692 3918 1742 3946; x_wconf 78' lang='lat' dir='ltr'><strong>ca</strong></span> <span class='ocrx_word' id='word_1_379' title='bbox 1767 3904 1909 3945; x_wconf 69' lang='lat' dir='ltr'><strong>adhuc</strong></span> <span class='ocrx_word' id='word_1_380' title='bbox 1934 3908 2045 3959; x_wconf 64' lang='lat' dir='ltr'><strong>leq-it.</strong></span> <span class='ocrx_word' id='word_1_381' title='bbox 2150 3907 2195 3950; x_wconf 82' lang='lat' dir='ltr'><strong>d)</strong></span> <span class='ocrx_word' id='word_1_382' title='bbox 2226 3910 2317 3947; x_wconf 71' lang='lat' dir='ltr'><strong>trac</strong></span> <span class='ocrx_word' id='word_1_383' title='bbox 2344 3912 2415 3946; x_wconf 78' lang='lat' dir='ltr'><strong>tur</strong></span> <span class='ocrx_word' id='word_1_384' title='bbox 2442 3908 2490 3946; x_wconf 75' lang='lat' dir='ltr'><strong>in</strong></span> <span class='ocrx_word' id='word_1_385' title='bbox 2514 3907 2684 3946; x_wconf 68' lang='lat' dir='ltr'><strong>duabus</strong></span> 
     </span>
     <span class='ocr_line' id='line_1_42' title="bbox 417 3956 2679 4009; baseline 0 -12"><span class='ocrx_word' id='word_1_386' title='bbox 417 3958 546 3998; x_wconf 69' lang='lat' dir='ltr'><strong>lineis</strong></span> <span class='ocrx_word' id='word_1_387' title='bbox 572 3961 612 3999; x_wconf 84' lang='lat'><strong>1.</strong></span> <span class='ocrx_word' id='word_1_388' title='bbox 745 3959 791 4009; x_wconf 86' lang='lat' dir='ltr'><strong>e)</strong></span> <span class='ocrx_word' id='word_1_389' title='bbox 827 3959 842 3997; x_wconf 82' lang='lat' dir='ltr'><strong>i</strong></span> <span class='ocrx_word' id='word_1_390' title='bbox 869 3970 1032 3998; x_wconf 69' lang='lat' dir='ltr'><strong>erasum</strong></span> <span class='ocrx_word' id='word_1_391' title='bbox 1050 3960 1088 3997; x_wconf 84' lang='lat'><strong>1.</strong></span> <span class='ocrx_word' id='word_1_392' title='bbox 1221 3956 1258 4007; x_wconf 79' lang='lat' dir='ltr'><strong>s)</strong></span> <span class='ocrx_word' id='word_1_393' title='bbox 1294 3956 1528 3997; x_wconf 77' lang='lat' dir='ltr'><strong>multitudo</strong></span> <span class='ocrx_word' id='word_1_394' title='bbox 1557 3968 1614 3998; x_wconf 92' lang='lat' dir='ltr'><strong>m.</strong></span> <span class='ocrx_word' id='word_1_395' title='bbox 1645 3957 1863 3998; x_wconf 67' lang='lat' dir='ltr'><strong>nitebatur</strong></span> <span class='ocrx_word' id='word_1_396' title='bbox 1881 3959 2023 4007; x_wconf 77' lang='lat' dir='ltr'><strong>primo</strong></span> <span class='ocrx_word' id='word_1_397' title='bbox 2046 3969 2129 3998; x_wconf 76' lang='lat' dir='ltr'><strong>eor.</strong></span> <span class='ocrx_word' id='word_1_398' title='bbox 2162 3960 2210 4007; x_wconf 75' lang='grc' dir='ltr'><strong>Τ,</strong></span> <span class='ocrx_word' id='word_1_399' title='bbox 2238 3959 2350 4007; x_wconf 75' lang='lat' dir='ltr'><strong>quod</strong></span> <span class='ocrx_word' id='word_1_400' title='bbox 2377 3960 2465 4008; x_wconf 69' lang='lat' dir='ltr'><strong>ipae</strong></span> <span class='ocrx_word' id='word_1_401' title='bbox 2491 3958 2679 3999; x_wconf 70' lang='lat' dir='ltr'><strong>mutavit.</strong></span> 
     </span>
    </p>
   </div>
   <div class='ocr_carea' id='block_1_5' title="bbox 407 4008 2681 4120">
    <p class='ocr_par' dir='ltr' id='par_1_8' title="bbox 407 4008 2681 4120">
     <span class='ocr_line' id='line_1_43' title="bbox 416 4008 2681 4069; baseline 0 -12"><span class='ocrx_word' id='word_1_402' title='bbox 416 4017 462 4069; x_wconf 79' lang='lat' dir='ltr'><strong>g)</strong></span> <span class='ocrx_word' id='word_1_403' title='bbox 488 4018 592 4059; x_wconf 77' lang='lat' dir='ltr'><strong>add.</strong></span> <span class='ocrx_word' id='word_1_404' title='bbox 623 4019 667 4059; x_wconf 82' lang='lat' dir='ltr'><strong>V.</strong></span> <span class='ocrx_word' id='word_1_405' title='bbox 771 4019 820 4067; x_wconf 83' lang='lat' dir='ltr'><strong>h)</strong></span> <span class='ocrx_word' id='word_1_406' title='bbox 845 4017 977 4058; x_wconf 76' lang='lat' dir='ltr'><strong>fedus</strong></span> <span class='ocrx_word' id='word_1_407' title='bbox 1004 4018 1059 4067; x_wconf 89' lang='lat' dir='ltr'><strong>B,</strong></span> <span class='ocrx_word' id='word_1_408' title='bbox 1087 4028 1192 4058; x_wconf 82' lang='lat' dir='ltr'><strong>corr.</strong></span> <span class='ocrx_word' id='word_1_409' title='bbox 1217 4018 1266 4057; x_wconf 81' lang='grc' dir='ltr'><strong>Τ.</strong></span> <span class='ocrx_word' id='word_1_410' title='bbox 1375 4016 1410 4068; x_wconf 79' lang='lat'><strong>1)</strong></span> <span class='ocrx_word' id='word_1_411' title='bbox 1439 4008 1625 4057; x_wconf 62' lang='lat' dir='ltr'><strong>hbdonls</strong></span> <span class='ocrx_word' id='word_1_412' title='bbox 1664 4018 1707 4058; x_wconf 82' lang='lat' dir='ltr'><strong>V.</strong></span> <span class='ocrx_word' id='word_1_413' title='bbox 1809 4018 1859 4069; x_wconf 85' lang='lat' dir='ltr'><strong>k)</strong></span> <span class='ocrx_word' id='word_1_414' title='bbox 1884 4018 1945 4058; x_wconf 71' lang='lat' dir='ltr'><strong>ita</strong></span> <span class='ocrx_word' id='word_1_415' title='bbox 1968 4019 2023 4069; x_wconf 78' lang='lat' dir='ltr'><strong>V3</strong></span> <span class='ocrx_word' id='word_1_416' title='bbox 2052 4019 2221 4059; x_wconf 76' lang='lat' dir='ltr'><strong>nnciam</strong></span> <span class='ocrx_word' id='word_1_417' title='bbox 2251 4020 2298 4060; x_wconf 72' lang='lat' dir='ltr'><strong>T.</strong></span> <span class='ocrx_word' id='word_1_418' title='bbox 2394 4019 2429 4065; x_wconf 93' lang='lat' dir='ltr'><strong>l)</strong></span> <span class='ocrx_word' id='word_1_419' title='bbox 2457 4018 2681 4059; x_wconf 66' lang='lat' dir='ltr'><strong>habitores</strong></span> 
     </span>
     <span class='ocr_line' id='line_1_44' title="bbox 407 4071 1008 4120; baseline -0.002 -11"><span class='ocrx_word' id='word_1_420' title='bbox 407 4071 555 4120; x_wconf 53' lang='lat' dir='ltr'><strong>primo</strong></span> <span class='ocrx_word' id='word_1_421' title='bbox 574 4071 622 4119; x_wconf 76' lang='lat' dir='ltr'><strong>T,</strong></span> <span class='ocrx_word' id='word_1_422' title='bbox 649 4071 761 4120; x_wconf 77' lang='lat' dir='ltr'><strong>quod</strong></span> <span class='ocrx_word' id='word_1_423' title='bbox 787 4072 875 4119; x_wconf 69' lang='lat' dir='ltr'><strong>ipse</strong></span> <span class='ocrx_word' id='word_1_424' title='bbox 901 4080 1008 4109; x_wconf 72' lang='lat' dir='ltr'><strong>corr.</strong></span> 
     </span>
    </p>
   </div>
   <div class='ocr_carea' id='block_1_6' title="bbox 418 4146 2683 4353">
    <p class='ocr_par' dir='ltr' id='par_1_9' title="bbox 418 4146 2683 4353">
     <span class='ocr_line' id='line_1_45' title="bbox 418 4146 2683 4217; baseline 0 -16"><span class='ocrx_word' id='word_1_425' title='bbox 418 4148 472 4212; x_wconf 92' lang='lat'><strong>1)</strong></span> <span class='ocrx_word' id='word_1_426' title='bbox 508 4148 633 4201; x_wconf 86' lang='lat' dir='ltr'><strong>Hoc</strong></span> <span class='ocrx_word' id='word_1_427' title='bbox 650 4148 860 4211; x_wconf 81' lang='lat' dir='ltr'><strong>folium</strong></span> <span class='ocrx_word' id='word_1_428' title='bbox 893 4148 1097 4216; x_wconf 66' lang='lat' dir='ltr'><strong>inteym</strong></span> <span class='ocrx_word' id='word_1_429' title='bbox 1117 4146 1396 4212; x_wconf 73' lang='lat' dir='ltr'><strong>fasciculo</strong></span> <span class='ocrx_word' id='word_1_430' title='bbox 1431 4162 1557 4202; x_wconf 79' lang='lat' dir='ltr'><strong>cum</strong></span> <span class='ocrx_word' id='word_1_431' title='bbox 1591 4148 1662 4203; x_wconf 73' lang='lat' dir='ltr'><strong>sit</strong></span> <span class='ocrx_word' id='word_1_432' title='bbox 1694 4149 2093 4217; x_wconf 60' lang='lat' dir='ltr'><strong>interpositum,</strong></span> <span class='ocrx_word' id='word_1_433' title='bbox 2160 4164 2226 4202; x_wconf 79' lang='lat' dir='ltr'><strong>ea</strong></span> <span class='ocrx_word' id='word_1_434' title='bbox 2261 4165 2469 4217; x_wconf 78' lang='lat' dir='ltr'><strong>quoque</strong></span> <span class='ocrx_word' id='word_1_435' title='bbox 2480 4189 2494 4215; x_wconf 91' lang='lat'><strong>,</strong></span> <span class='ocrx_word' id='word_1_436' title='bbox 2540 4164 2683 4217; x_wconf 76' lang='lat' dir='ltr'><strong>quae</strong></span> 
     </span>
     <span class='ocr_line' id='line_1_46' title="bbox 418 4216 2682 4285; baseline 0 -16"><span class='ocrx_word' id='word_1_437' title='bbox 418 4217 744 4271; x_wconf 78' lang='lat' dir='ltr'><strong>antecedunt</strong></span> <span class='ocrx_word' id='word_1_438' title='bbox 777 4223 828 4271; x_wconf 82' lang='lat' dir='ltr'><strong>et</strong></span> <span class='ocrx_word' id='word_1_439' title='bbox 862 4217 938 4270; x_wconf 83' lang='lat' dir='ltr'><strong>ad</strong></span> <span class='ocrx_word' id='word_1_440' title='bbox 970 4216 1200 4270; x_wconf 76' lang='lat' dir='ltr'><strong>eandem</strong></span> <span class='ocrx_word' id='word_1_441' title='bbox 1233 4218 1608 4271; x_wconf 75' lang='lat' dir='ltr'><strong>narrationem</strong></span> <span class='ocrx_word' id='word_1_442' title='bbox 1643 4222 1906 4285; x_wconf 76' lang='lat' dir='ltr'><strong>spectant,</strong></span> <span class='ocrx_word' id='word_1_443' title='bbox 1936 4219 2234 4285; x_wconf 71' lang='lat' dir='ltr'><strong>posteriore</strong></span> <span class='ocrx_word' id='word_1_444' title='bbox 2258 4225 2491 4285; x_wconf 78' lang='lat' dir='ltr'><strong>tempore</strong></span> <span class='ocrx_word' id='word_1_445' title='bbox 2516 4232 2682 4285; x_wconf 79' lang='lat' dir='ltr'><strong>quam</strong></span> 
     </span>
     <span class='ocr_line' id='line_1_47' title="bbox 422 4286 2683 4353; baseline 0 -15"><span class='ocrx_word' id='word_1_446' title='bbox 422 4291 597 4339; x_wconf 78' lang='lat' dir='ltr'><strong>cetera</strong></span> <span class='ocrx_word' id='word_1_447' title='bbox 647 4286 855 4353; x_wconf 57' lang='lat' dir='ltr'><strong>empta</strong></span> <span class='ocrx_word' id='word_1_448' title='bbox 903 4301 1018 4339; x_wconf 77' lang='lat' dir='ltr'><strong>esse</strong></span> <span class='ocrx_word' id='word_1_449' title='bbox 1065 4300 1279 4339; x_wconf 77' lang='lat' dir='ltr'><strong>necesse</strong></span> <span class='ocrx_word' id='word_1_450' title='bbox 1327 4290 1422 4340; x_wconf 76' lang='lat' dir='ltr'><strong>est.</strong></span> <span class='ocrx_word' id='word_1_451' title='bbox 1519 4286 1580 4340; x_wconf 83' lang='lat' dir='ltr'><strong>V.</strong></span> <span class='ocrx_word' id='word_1_452' title='bbox 1617 4302 1791 4353; x_wconf 78' lang='lat' dir='ltr'><strong>supra</strong></span> <span class='ocrx_word' id='word_1_453' title='bbox 1835 4302 1880 4340; x_wconf 85' lang='lat' dir='ltr'><strong>c.</strong></span> <span class='ocrx_word' id='word_1_454' title='bbox 1906 4287 1941 4340; x_wconf 89' lang='grc'><strong>9</strong></span> <span class='ocrx_word' id='word_1_455' title='bbox 1974 4303 2030 4339; x_wconf 80' lang='lat' dir='ltr'><strong>n.</strong></span> <span class='ocrx_word' id='word_1_456' title='bbox 2193 4286 2247 4351; x_wconf 81' lang='lat'><strong>2)</strong></span> <span class='ocrx_word' id='word_1_457' title='bbox 2306 4288 2519 4340; x_wconf 77' lang='lat' dir='ltr'><strong>Nomen</strong></span> <span class='ocrx_word' id='word_1_458' title='bbox 2566 4286 2683 4339; x_wconf 79' lang='lat' dir='ltr'><strong>eius</strong></span> 
     </span>
    </p>
   </div>
   <div class='ocr_carea' id='block_1_7' title="bbox 419 4353 2683 4489">
    <p class='ocr_par' dir='ltr' id='par_1_10' title="bbox 419 4353 2683 4489">
     <span class='ocr_line' id='line_1_48' title="bbox 419 4353 2683 4421; baseline 0 -14"><span class='ocrx_word' id='word_1_459' title='bbox 419 4354 785 4420; x_wconf 79' lang='lat' dir='ltr'><strong>supplendum</strong></span> <span class='ocrx_word' id='word_1_460' title='bbox 835 4369 952 4408; x_wconf 77' lang='lat' dir='ltr'><strong>esse</strong></span> <span class='ocrx_word' id='word_1_461' title='bbox 1005 4353 1298 4421; x_wconf 76' lang='lat' dir='ltr'><strong>Nimptsch</strong></span> <span class='ocrx_word' id='word_1_462' title='bbox 1348 4354 1422 4415; x_wconf 87' lang='lat' dir='ltr'><strong>(v.</strong></span> <span class='ocrx_word' id='word_1_463' title='bbox 1479 4354 1649 4419; x_wconf 89' lang='lat' dir='ltr'><strong><em>VIII,</em></strong></span> <span class='ocrx_word' id='word_1_464' title='bbox 1702 4354 1935 4418; x_wconf 80' lang='lat'>59—64)</span> <span class='ocrx_word' id='word_1_465' title='bbox 1985 4354 2102 4407; x_wconf 79' lang='lat' dir='ltr'><strong>sine</strong></span> <span class='ocrx_word' id='word_1_466' title='bbox 2157 4371 2329 4408; x_wconf 79' lang='lat' dir='ltr'><strong>causa</strong></span> <span class='ocrx_word' id='word_1_467' title='bbox 2377 4353 2683 4420; x_wconf 76' lang='lat' dir='ltr'><strong>sufficiente</strong></span> 
     </span>
     <span class='ocr_line' id='line_1_49' title="bbox 430 4420 1799 4489; baseline 0 -14"><span class='ocrx_word' id='word_1_468' title='bbox 430 4422 667 4476; x_wconf 77' lang='lat' dir='ltr'><strong>Ursinus</strong></span> <span class='ocrx_word' id='word_1_469' title='bbox 703 4438 771 4476; x_wconf 77' lang='lat' dir='ltr'><strong>ea:</strong></span> <span class='ocrx_word' id='word_1_470' title='bbox 807 4422 1003 4477; x_wconf 81' lang='lat' dir='ltr'><strong>Cosma</strong></span> <span class='ocrx_word' id='word_1_471' title='bbox 1039 4420 1165 4488; x_wconf 71' lang='lat'><strong>(83,</strong></span> <span class='ocrx_word' id='word_1_472' title='bbox 1193 4422 1312 4487; x_wconf 83' lang='lat' dir='ltr'><strong>IX)</strong></span> <span class='ocrx_word' id='word_1_473' title='bbox 1346 4422 1468 4485; x_wconf 87' lang='lat' dir='ltr'><strong>III,</strong></span> <span class='ocrx_word' id='word_1_474' title='bbox 1509 4423 1536 4475; x_wconf 93' lang='lat'>1</span> <span class='ocrx_word' id='word_1_475' title='bbox 1576 4424 1799 4489; x_wconf 72' lang='lat' dir='ltr'><strong>colleqit.</strong></span> 
     </span>
    </p>
   </div>
  </div>
 </body>
</html>
