3100 5050
423 343 528 398 240
928 341 1335 398 THIETMARI
1372 339 1633 398 CHRON.
1703 341 1841 397 LIB.
1869 341 1948 396 IX
1985 341 2181 408 (VIH).

238 507 388 562 loia
596 496 653 562 2.
690 493 809 581 (2.)
872 494 982 560 *In
1018 495 1210 560 huius
1244 495 1463 580 sponsi
1497 515 1693 579 regno
1729 504 1880 560 sunt
1915 495 2152 560 multae
2181 496 2676 563 consuetudines
2705 517 2734 540 *
2767 529 2908 559 man.
2933 521 2988 560 D.

422 581 670 660 variae;
725 591 791 646 et
841 581 1133 664 quamvis
1186 581 1397 658 dirae,
1452 587 1670 646 tamen
1722 586 1873 646 sunt
1927 580 2252 648 interdum
2295 581 2674 649 laudabiles.

428 666 705 751 Populus
757 667 928 731 enim
982 688 1137 732 suus
1188 687 1364 733 more
1415 667 1593 732 bovis
1646 673 1746 732 est
1791 667 2152 750 pascendus
2207 672 2274 732 et
2325 667 2495 738 tardi
2545 669 2678 734 ritu

423 751 589 818 asini
634 751 1049 836 castigandus
1106 759 1173 818 et
1226 753 1363 819 sine
1406 772 1611 838 poena
1655 753 1832 836 gravi
1875 773 2003 818 non
2091 759 2258 818 otest
2290 774 2433 820 cum
2469 754 2677 820 salute

425 838 733 923 principis
776 838 1065 907 tractari.
1156 837 1224 904 Si
1268 838 1413 922 quis
1456 838 1523 904 in
1568 837 1692 904 hoc
1737 837 1965 904 alienis
2009 860 2050 904 a
2095 839 2191 904 uti
2235 838 2540 906 uxoribus
2579 840 2676 905 vel

424 924 517 987 sic
564 922 874 990 fornicari
922 925 1253 1007 presumit,
1306 924 1471 988 hanc
1504 922 1827 988 vindictae
1865 924 2311 1008 subsequentis
2351 923 2674 1014 [poenam]

422 1010 715 1093 protinus
768 1011 984 1076 sentit.
1085 1009 1161 1074 In
1221 1015 1480 1094 pontem
1533 1011 1802 1076 mercati
1843 1009 1910 1074 is
1973 1009 2205 1076 ductus
2257 1010 2279 1032 *
2287 1031 2403 1094 per
2455 1010 2676 1077 follem
2704 1034 2727 1055 *
2749 1035 2976 1083 forn-1.

421 1095 703 1160 testiculi
755 1096 972 1162 clavo·
1024 1094 1313 1179 affigitur
1364 1102 1430 1160 et
1480 1095 1792 1161 novacula
1850 1115 2049 1179 prope
2103 1097 2320 1180 posita
2381 1095 2487 1164 hic
2542 1117 2677 1162 mo-

422 1180 626 1246 riendi
682 1181 813 1246 sive
856 1179 937 1246 de
981 1180 1110 1246 hiis
1166 1180 1536 1248 absolvendi
1596 1179 1760 1245 dura
1817 1181 2052 1248 eleccio
2105 1181 2227 1247 sibi
2285 1181 2497 1250 datur.
2593 1184 2679 1248 Et

422 1268 809 1350 quicumque
851 1273 997 1352 post
1038 1266 1237 1334 LXII.
1274 1287 1534 1332 carnem
1578 1265 2003 1332 manducasse
2045 1268 2385 1348 invenitur,
2441 1267 2678 1334 abcisis

424 1353 725 1418 dentibus
750 1353 1033 1437 graviter
1064 1353 1349 1434 punitur.
1421 1353 1556 1418 Lex
1591 1373 1868 1434 namque
1894 1351 2114 1418 divina
2147 1353 2212 1417 in
2245 1352 2374 1418 hiis
2400 1355 2675 1438 regioni-

425 1439 543 1504 bus
598 1439 842 1504 noviter
893 1445 1117 1504 exorta
1174 1444 1494 1523 potestate
1547 1437 1665 1503 tali
1720 1438 1947 1502 melius
2007 1457 2199 1522 quam
2252 1439 2534 1506 ieiuniob
2591 1441 2676 1504 ab

424 1524 705 1608 episcopi
750 1524 1083 1589 instituto⁰
1126 1524 1608 1590 corroboratur.
1701 1522 1864 1588 Sunt
1899 1525 2092 1589 etiam
2134 1525 2276 1589 illi*
2319 1546 2528 1590 mores
2563 1526 2676 1590 alii

422 1611 549 1675 hiis
593 1609 791 1674 multo
840 1609 1206 1690 inferiores,
1258 1610 1371 1692 qui
1412 1630 1530 1674 nec
1577 1608 1710 1673 Deo
1754 1610 2014 1693 placent
2063 1631 2181 1678 nec
2224 1611 2542 1694 indigenis
2585 1613 2680 1676 nil

424 1695 550 1760 nisi
594 1695 677 1759 ad
722 1703 1036 1760 terrorem
1088 1701 1384 1777 prosunt;
1448 1715 1611 1779 quos
1663 1695 1730 1759 in
1776 1695 2212 1781 superioribus
2265 1718 2344 1760 ex
2397 1696 2677 1780 quadam

421 1788 611 1865 parte
654 1779 1125 1864 comprehendi.
1213 1780 1272 1844 N
1276 1801 1348 1846 ec
1390 1801 1550 1864 opus
1608 1800 1746 1846 esse
1799 1788 2064 1848 autumo
2115 1781 2195 1848 de
2236 1781 2360 1846 hoc
2400 1783 2678 1868 amplius

424 1867 765 1945 disserere,
820 1866 1001 1930 cuius
1053 1887 1284 1932 nomen
1337 1872 1402 1931 et
1454 1868 1890 1946 conversaciO,
1945 1869 2000 1932 si
2045 1867 2222 1950 Deus
2273 1869 2676 1952 omnipotens

422 1951 642 2031 vellet,
697 1952 910 2017 sacius
955 1952 1139 2017 nobis
1182 1952 1431 2018 lateret.
1521 1952 1723 2018 Omne
1766 1952 1912 2032 hoc,
1966 1952 2141 2036 quod
2186 1960 2370 2036 pater
2413 1975 2566 2019 suus
2611 1961 2678 2019 et

424 2041 549 2104 iste
591 2036 774 2102 nobis
817 2038 883 2102 in
931 2037 1232 2120 coniugio
1276 2058 1354 2102 ac
1397 2038 1844 2104 familiaritate
1897 2059 2132 2122 magna
2176 2039 2456 2124 copulati
2506 2047 2673 2118 sunt,

424 2124 569 2208 plus
627 2123 845 2188 damni
902 2122 1353 2207 subsequentis
1411 2144 1604 2207 quam
1660 2123 1810 2189 boni
1863 2125 2267 2208 precedentis
2323 2125 2543 2192 attulit
2597 2146 2675 2190 ac

424 2214 492 2275 in
518 2209 736 2276 futuro
763 2209 985 2289 infert,
1023 2211 1194 2292 quia,
1219 2210 1341 2274 etsi
1366 2230 1525 2293 pace
1561 2209 1866 2274 simulata
1891 2231 2006 2275 nos
2040 2211 2123 2276 ad
2151 2217 2402 2295 tempus
2429 2211 2674 2294 diligat,

424 2305 641 2363 tamen
692 2317 809 2380 per
860 2301 1139 2360 secretas
1190 2296 1690 2380 temptacionum
1746 2297 2086 2362 varietates
2138 2317 2257 2362 nos
2309 2317 2352 2361 a
2407 2298 2677 2362 caritate

425 2387 675 2458 mutua,
731 2403 772 2446 a
822 2380 1120 2446 libertate
1172 2381 1398 2447 innata
1450 2379 1806 2447 deducere‘¹
1858 2388 1948 2460 et,
2005 2383 2061 2446 si
2116 2383 2370 2467 quando
2423 2391 2675 2466 tempus

426 2469 487 2620 {ii
539 2489 617 2533 ac
668 2466 847 2533 locus
906 2467 1199 2552 contigit,
1265 2469 1332 2533 in
1392 2468 1741 2551 perniciem
1801 2474 2092 2553 apertam
2154 2489 2490 2553 assurgere
2549 2490 2673 2535 non

472 2576 539 2621 es
553 2555 711 2621 istit.

597 2676 656 2741 3.
726 2674 803 2738 In
847 2682 1133 2760 tempore
1174 2675 1379 2759 patris
1424 2675 1525 2739 sui
1547 2674 1597 2752 ¹,
1653 2694 1798 2737 cum
1847 2674 1904 2739 is
1955 2675 2123 2739 iam⁶
2176 2675 2436 2757 gentilis
2491 2682 2675 2753 esset,

426 2781 849 2845 unaquaeque
902 2762 1133 2827 mulier
1184 2767 1332 2843 post
1376 2760 1495 2825 viri
1550 2760 1856 2843 exequias
1910 2760 2011 2823 sui
2055 2760 2202 2841 igne
2255 2761 2524 2825 cremati
2567 2761 2675 2825 de-

428 2848 663 2913 collata
726 2846 1158 2934 subsequitur.
1260 2846 1345 2911 Et
1406 2846 1463 2910 si
1524 2866 1656 2929 qua
1713 2846 2019 2910 meretrix
2078 2847 2549 2925 inveniebatur,
2611 2848 2678 2910 in

426 2932 691 3016 genitali
736 2953 874 3013 suo,
942 2935 1115 3017 turpi
1160 2939 1225 2998 et
1268 2952 1477 3016 poena
1518 2930 1889 3009 miserabili,
1953 2932 2533 2998 circumcidebatur
2583 2931 2678 2996 id-

428 3040 576 3103 que,
632 3020 689 3083 si
732 3018 824 3084 sic
869 3018 997 3085 dici
1040 3020 1211 3097 licet,
1265 3018 1630 3101 preputium
1673 3017 1740 3081 in
1785 3016 2030 3082 foribus
2075 3018 2514 3102 suspenditur,
2571 3017 2676 3082 *ut
2709 3037 2732 3058 *
2751 3040 2840 3089 soz.
2861 3043 2962 3083 ιη’.

427 3105 731 3169 intrantis
774 3106 997 3170 oculus
1041 3106 1106 3168 in
1149 3103 1273 3168 hoc
1330 3102 1659 3168 offendens
1712 3103 1780 3166 in
1834 3102 2068 3168 futuris
2114 3103 2306 3169 rebus
2354 3124 2428 3169 eo
2473 3103 2678 3187 magis
3052 3118 3053 3135 ³

175 3209 271 3249 Ioh.
293 3210 331 3257 s,
356 3208 397 3249 5.
428 3190 739 3257 sollicitus
776 3199 947 3256 esset
982 3198 1046 3255 et
1078 3190 1377 3273 prudens
1464 3187 1598 3252 Lex
1635 3187 1956 3253 dominica
1994 3188 2362 3255 huiusmodi
2395 3191 2679 3274 precepit

428 3275 704 3361 lapidari
782 3282 847 3341 et
919 3281 1256 3359 parentum
1320 3275 1659 3339 nostrimet
1717 3274 2076 3343 carnalium
2135 3276 2454 3342 institutio
2514 3275 2678 3341 tales

430 3368 682 3427 ortatur
726 3361 1049 3427 decollari.
1141 3360 1327 3444 Apud
1371 3358 1712 3425 modernos
1756 3366 1991 3440 autem,
2039 3363 2192 3443 quia
2230 3362 2499 3427 libertas
2534 3382 2678 3446 pec-

430 3447 618 3513 candi
660 3448 806 3532 plus
847 3448 1019 3514 iusto
1064 3452 1259 3530 atque
1302 3446 1493 3511 solito
1544 3445 1783 3529 ubique
1823 3446 2234 3525 dominatur,
2288 3447 2432 3531 plus
2486 3468 2680 3531 quam

430 3554 793 3616 compressa
836 3534 1217 3599 ancillarum
1262 3530 1629 3610 multitudo,
1675 3531 1995 3614 quaedam
2029 3552 2182 3616 pars
2219 3538 2680 3613 matronarum,

430 3619 729 3703 cupidine
770 3621 1025 3684 veneria
1069 3619 1347 3702 pruritui
1392 3618 1584 3682 noxio
1631 3617 2100 3699 subscalpente,
2153 3620 2389 3685 marito
2433 3620 2681 3685 vivente

432 3709 637 3787 [nunc]
682 3706 1029 3770 mechatur.
1116 3705 1205 3769 Et
1245 3704 1313 3768 in
1364 3703 1487 3767 hoc
1530 3704 1624 3768 eis
1675 3722 1802 3767 non
1856 3702 2124 3783 sufficit,
2180 3704 2292 3769 sed
2345 3705 2513 3770 hunc
2563 3725 2680 3788 per

430 3791 792 3857 adulterum
837 3793 1026 3857 morti
1072 3790 1309 3856 furtiva
1354 3789 1609 3854 consilii
1671 3789 2102 3872 inspiracione
2161 3790 2364 3856 tradit
2422 3796 2486 3855 et
2534 3796 2683 3875 post

430 3878 590 3943 haec
634 3878 876 3942 malum
919 3878 1191 3943 caeteris
1236 3876 1592 3959 exemplum
1639 3873 1856 3939 eodem
1904 3878 2085 3958 [post]
2122 3875 2374 3957 publice
2406 3882 2679 3959 sumpto,

432 3985 548 4047 pro
582 3962 790 4027 dolor!
831 3963 1207 4048 potestative
1245 3960 1555 4026 abutitur.
1585 3974 1588 3977 ’
1647 3958 1902 4043 Legalis
1937 3961 2285 4026 earundem
2321 3962 2536 4027 senior
2570 3960 2680 4026 ab·

544 4119 599 4185 ²⁸)
635 4118 772 4173 Duci
808 4118 935 4172 add.
962 4120 1011 4172 2.

433 4254 476 4305 a)
501 4256 625 4295 clane
652 4257 690 4295 1.
794 4252 844 4303 b)
867 4254 1015 4292 lemno
1042 4255 1081 4293 1.
1187 4250 1228 4302 c)
1254 4254 1303 4293 tu
1330 4251 1433 4293 add.
1456 4255 1503 4294 Τ.
1611 4252 1657 4303 d)
1680 4254 1866 4303 primum
1892 4262 1917 4291 e
1943 4251 2046 4292 add.
2069 4254 2118 4293 T.
2224 4252 2264 4301 e)
2289 4254 2376 4291 iam
2402 4262 2564 4293 erasum
2587 4254 2626 4291 1.

434 4374 486 4440 1)
534 4374 850 4429 miseconis.
883 4445 893 4453 ο
928 4372 1012 4440 C'f.
1048 4372 1105 4429 S.
1140 4374 1394 4439 Bon-ism.
1428 4375 1583 4443 epist.
1620 4376 1688 4430 59
1723 4372 1899 4441 (Iaffe
1933 4371 2227 4428 ‘Bibliotm
2256 4374 2378 4439 III,
2416 4372 2554 4453 172)ἶ
