3100 5050
282 1604 400 1656 992.

439 410 508 463 96
1030 409 1436 465 THIETMARI
1471 409 1731 465 CHRON.
1802 410 1939 465 LIB.
1976 412 2109 468 1111.

439 560 712 626 salutem
772 561 1024 645 patriae
1085 568 1152 627 et
1213 562 1806 630 corroboracionem
1866 565 2045 650 pacis
2105 566 2507 630 necessariae
2563 588 2689 629 non

437 647 610 712 venit
653 645 774 712 hoc
818 647 902 712 ad
947 646 1310 728 discidium,
1356 650 1470 715 sed
1511 652 2060 718 reconciliacionis
2104 653 2445 717 continuae
2488 672 2691 716 reme-

437 732 616 797 dium
669 732 944 801 salubre.
1041 734 1335 820 Namque
1389 737 1472 801 ab
1525 759 1601 802 ea
1646 737 1885 803 Christi
1929 737 2204 803 servitus
2249 739 2456 803 omnis
2499 758 2689 821 auge-

437 817 655 898 batur,
717 821 1114 904 captivorum
1171 822 1513 887 multitudo
1570 823 1655 888 ad
1711 825 1989 905 patriam
2046 824 2403 904 reducitur,
2462 824 2691 889 vinctis

437 912 666 969 catena
735 906 1003 971 solvitur
1077 908 1329 992 reisque
1403 929 1628 973 carcer
1695 910 2007 993 aperitur3
2080 916 2146 975 et
2206 916 2282 975 ut
2348 931 2533 995 spero
2547 961 2561 988 ,
2632 910 2692 974 ei

437 990 812 1073 magnitudo
856 994 1210 1077 perpetrati
1254 992 1561 1060 facinoris
1606 1016 1647 1059 a
1690 995 1826 1060 Deo
1868 997 2251 1075 remittitur,
2310 1017 2459 1062 cum
2503 998 2569 1059 in
2614 1018 2691 1061 ea

437 1084 657 1142 tantae
708 1078 971 1161 pietatis
1022 1077 1292 1144 dileccio
1346 1082 1765 1164 cognoscitur.
1864 1082 2165 1163 Legimus
2217 1088 2462 1161 autem,
2519 1082 2687 1165 quod

436 1164 492 1227 is
519 1164 766 1229 frustra
793 1164 1174 1229 Dominum*
1208 1165 1466 1247 placare
1503 1167 1779 1249 studeat,
1818 1168 1931 1250 qui
1965 1169 2257 1252 inceptae
2289 1171 2688 1252 propositum

435 1250 770 1333 nequiciae
831 1249 1087 1315 omnino
1153 1272 1414 1334 prorsus
1478 1274 1604 1318 non
1671 1251 1927 1319 abiciat.
2044 1253 2217 1319 Haec
2282 1256 2502 1337 genuit
2554 1255 2687 1317 viro

435 1336 672 1401 suimet
712 1343 844 1401 tres
888 1335 1071 1415 filios,
1127 1338 1530 1419 Miseconem‚
1580 1338 2076 1423 Suentepulcum
2130 1348 2197 1406 et
2242 1387 2303 1405 ..
2332 1342 2413 1408 .b·
2439 1339 2491 1421 ¹,
2546 1361 2688 1405 cum

438 1442 672 1505 magno
718 1420 958 1487 honore
1000 1422 1092 1488 ibi
1136 1423 1370 1508 degens
1415 1446 1621 1509 usque
1664 1425 1748 1490 ad
1793 1424 1982 1490 finem
2027 1426 2175 1505 viri,
2228 1432 2492 1509 accepta
2545 1447 2687 1490 cum

436 1509 672 1590 quibus
716 1506 842 1572 fuit
885 1515 952 1573 et
995 1507 1283 1591 proficua
1328 1510 1406 1575 de
1453 1511 1687 1594 quibus
1732 1512 1953 1596 venit]

561 1597 664 1661 58.
683 1594 844 1678 (37.)
877 1591 1076 1681 [[Sed]
1093 1615 1262 1660 anno
1284 1596 1642 1662 dominicae
1665 1595 2123 1661 incarnationis
2140 1596 2691 1663 DCCGCX0110·<=

435 1680 615 1763 regni
669 1685 884 1744 autem
938 1682 1124 1746 tercii
1167 1682 1418 1748 Ottonis
1464 1734 1480 1750 .
1506 1735 1522 1751 .
1556 1685 1617 1750 .*
1668 1682 1961 1768 prefatus
2015 1682 2146 1747 dux
2198 1684 2325 1747 iam
2382 1704 2578 1747 senex
2627 1691 2693 1750 et

436 1765 812 1831 febricitans
863 1765 947 1831 ab
999 1766 1188 1832 exilio
1242 1766 1364 1833 hoc
1417 1768 1501 1834 ad
1552 1770 1832 1853 patriam
1842 1773 1913 1814 ²⁸*
1964 1771 2199 1834 transit
2213 1766 2267 1846 ²,
2321 1769 2689 1852 relinquens

435 1873 700 1935 regnum
745 1852 980 1918 suimet
1020 1853 1314 1937 plurimis
1358 1854 1787 1935 dividendum,
1833 1854 2003 1939 quod
2046 1860 2273 1937 postea
2313 1854 2484 1920 filius
2520 1856 2685 1919 eius-

435 1937 581 2003 dem
609 1936 1041 2018 Bolizlavus3,
1069 1960 1344 2005 noverca
1381 1948 1448 2005 et
1473 1941 1787 2006 fratribus
1797 1944 1904 1985 *²⁸²*
1942 1940 2207 2025 expulsa
2243 1942 2688 2025 excecatisque

435 2024 863 2089 familiaribus
925 2026 1060 2089 suis
1121 2025 1416 2091 Odilieno
1477 2034 1672 2110 atque
1724 2025 2137 2107 Pribuvoio4,
2193 2028 2452 2112 vulpina
2512 2028 2689 2092 calli-

434 2110 638 2176 ditate
683 2112 1009 2176 contraxit
1050 2113 1117 2176 in
1156 2133 1376 2179 unum.
1465 2111 1589 2177 Hic
1624 2120 1697 2178 ut
1730 2119 1984 2179 tantum
2020 2113 2195 2179 solus
2230 2114 2687 2193 dominaretur,

433 2198 536 2261 ius
581 2219 657 2263 ac
700 2217 886 2264 omne
929 2196 1032 2262 fas
1074 2198 1456 2282 postposuit.
1545 2199 1746 2263 Duxit
1788 2200 1893 2265 hic
1939 2199 2258 2284 Rigdagid
2300 2200 2687 2265 marchionis

433 2282 664 2362 filiam,
736 2281 1145 2367 postmodum
1216 2284 1549 2349 dimittens
1618 2306 1792 2363 eam;
1865 2286 1964 2350 *et
2030 2293 2185 2350 tunc
2254 2287 2336 2351 ab
2408 2285 2690 2369 Ungaria

433 2371 709 2454 sumpsit
769 2390 1060 2449 uxorem,
1131 2369 1212 2435 de
1274 2392 1403 2454 qua
1462 2369 1694 2436 habuit
1753 2370 1986 2449 filium,
2058 2372 2345 2455 Besprim
2415 2374 2689 2451 nomine,

433 2457 728 2521 similiter
796 2456 1118 2542 expellens
1188 2477 1349 2524 eam.
1466 2456 1693 2523 Tereia
1761 2456 1887 2521 fuit
1947 2456 2333 2537 Emnildis0‚
2405 2458 2581 2523 edita
2648 2479 2689 2521 a

433 2542 779 2608 venerabili
832 2545 1081 2610 seniore
1131 2543 1578 2624 Dobremir05,
1625 2564 1789 2628 quae
1826 2544 2085 2610 Christo
2130 2543 2339 2609 fidelis
2382 2544 2465 2609 ad
2502 2566 2688 2610 omne

432 2629 670 2695 bonum
727 2629 1095 2695 instabilem
1161 2631 1451 2714 coniugis
1512 2632 1614 2695 sui
1679 2637 1955 2696 mentem
2017 2629 2362 2697 declinavit
2427 2632 2522 2696 etf
2569 2632 2688 2695 im-

433 2737 653 2781 mensa
703 2717 1201 2782 elemosinarum
1253 2717 1555 2800 largitate
1608 2722 1674 2782 et
1724 2716 2119 2782 abstinentia
2171 2717 2509 2800 utriusque
2552 2738 2686 2782 ma-

435 2803 616 2867 culas
658 2802 920 2868 abluere
963 2824 1090 2868 non
1142 2803 1414 2868 desistit.
1512 2803 1771 2886 Peperit
1820 2802 1977 2869 haec
2030 2802 2193 2869 duos
2244 2801 2441 2884 filios,
2497 2803 2687 2868 Mise-

435 2887 699 2954 conem⁶
759 2895 824 2954 et
883 2889 1110 2969 alium,
1175 2910 1364 2973 quem
1427 2889 1645 2955 dilecti
1705 2889 1975 2955 senioris
2036 2890 2136 2954 sui
2196 2891 2452 2954 nomine
2503 2895 2689 2974 pater

433 2973 749 3054 vocavit⁷;
809 2973 976 3040 filias
1020 2997 1272 3060 quoque
1316 2983 1476 3056 tres,
1531 2997 1807 3059 quarum
1854 2997 1981 3040 una
2024 2982 2123 3041 est
2166 2975 2528 3054 abbatissa,
2585 2974 2687 3039 ΙΙ·

434 3061 654 3146 nupsit
720 3060 1104 3127 Hirimanno
1172 3062 1458 3142 comitiss,
1537 3062 1745 3128 tercia
1813 3060 1948 3127 filio
2017 3063 2187 3147 regis
2247 3060 2686 3141 Wlodemiri9,

434 3149 604 3213 sicut
645 3147 935 3213 dicturus
981 3149 1172 3233 sum.]

545 3269 599 3335 *)
638 3269 761 3334 Hoc
794 3271 906 3324 loco
942 3269 1002 3324 in
1053 3271 1098 3323 1.
1133 3285 1334 3325 rasura
1380 3270 1547 3324 mum
1580 3267 1706 3336 fere
1749 3269 2053 3325 litterarum
2096 3277 2202 3337 est3
2250 3271 2374 3324 item
2407 3272 2467 3325 in
2502 3271 2689 3325 deoetro

639 3356 759 3392 mar
795 3341 882 3392 ine
955 3355 1100 3393 auca
1134 3355 1293 3394 erasa
1327 3344 1470 3404 sunt,
1514 3340 1575 3392 in
1606 3337 1863 3406 inferiore
1896 3345 2077 3394 autem
2112 3341 2331 3395 addidit
2365 3340 2457 3394 N:
2513 3339 2598 3392 X⁰
2632 3341 2688 3392 et

639 3406 744 3461 VII
780 3448 793 3461 .
819 3405 904 3461 Ka
929 3448 942 3462 .
977 3406 1137 3461 Iunii.
1295 3405 1388 3473 **)
1423 3407 1713 3462 caelestem
1748 3408 1877 3463 add.
1905 3411 1954 3464 2.
2105 3407 2234 3475 ***)
2271 3407 2445 3462 tribus
2482 3409 2609 3463 add.
2636 3411 2685 3461 2.

436 3509 481 3560 a)
522 3510 688 3549 domini
713 3511 768 3560 D,
797 3520 901 3550 corr.
925 3509 973 3548 Τ.
1113 3509 1160 3557 b)
1198 3510 1245 3548 in
1271 3508 1363 3550 eod.
1383 3513 1407 3549 1
1435 3512 1473 3549 et
1497 3510 1618 3558 apud
1643 3511 1695 3550 Δ.
1718 3510 1763 3550 S.
1792 3511 1823 3549 1.
1842 3511 1872 3548 l.
1899 3511 2081 3558 epatium
2104 3511 2305 3561 relidam,
2339 3510 2452 3558 quod
2477 3511 2525 3548 iu
2543 3510 2687 3560 priore

433 3572 583 3601 monuo
607 3563 737 3601 seculi
761 3561 902 3601 XVII.
930 3561 1092 3601 nomiae
1118 3561 1395 3601 Bolizlmum
1420 3563 1644 3610 supplevit.
1776 3561 1817 3610 c)
1850 3559 2168 3601 Doocxcno
2196 3563 2234 3602 1.
2358 3559 2404 3612 d)
2432 3563 2493 3601 ita
2521 3561 2575 3610 T?
2606 3561 2687 3600 ric·

434 3613 536 3664 dag!
561 3614 618 3654 D.
724 3617 767 3659 e)
797 3611 1043 3653 erminssdis
1069 3614 1112 3654 2.
1140 3613 1192 3654 A.
1214 3613 1260 3654 S.
1364 3610 1404 3663 ί)
1429 3617 1474 3652 et
1499 3616 1544 3652 et
1570 3616 1607 3655 1.

436 3701 486 3764 1)
538 3701 776 3756 Tertium
818 3699 964 3754 hunc
1009 3700 1160 3756 Odae
1209 3700 1383 3766 filium
1429 3700 1605 3765 fuisse
1672 3699 2058 3754 Wlodoweium
2112 3699 2143 3763 (
2155 3699 2461 3764 Wladiwoi)
2512 3699 2684 3764 illum,

437 3770 503 3824 de
549 3785 656 3838 quo
697 3775 880 3825 noster
925 3771 1043 3839 ayit
1089 3771 1150 3836 V,
1203 3771 1290 3834 23,
1329 3769 1550 3836 primus
1587 3769 1857 3837 Palacky,
1909 3766 2121 3824 ‘Gesch
2155 3769 2449 3824 Bohmens'
2486 3770 2538 3835 I,
2583 3767 2685 3823 252

435 3839 748 3908 suspicatus
782 3845 877 3893 est.
1031 3838 1086 3903 2)
1137 3840 1360 3894 Annum
1397 3838 1498 3892 992
1542 3839 1705 3892 etiam
1750 3837 1949 3892 habent
1982 3841 2128 3892 Anu.
2164 3837 2413 3893 Hizdesh.
2449 3845 2500 3893 et
2535 3839 2683 3891 Arm.

433 3909 629 3963 necrol.
665 3907 834 3962 Fuzd.
987 3906 1042 3976 3)
1077 3907 1402 3962 Boleslavus
1428 3907 1479 3959 Ι.
1517 3907 1633 3962 dum
1667 3906 1997 3960 Polonorum
2032 3906 2357 3962 992-1025.
2505 3906 2561 3970 4)
2599 3906 2686 3959 De

435 3977 652 4032 nomine
687 3977 758 4042 ‘ff-
785 3977 1168 4031 Prebi-zlavus
1192 3975 1350 4040 infra
1375 3992 1422 4031 c.
1449 3977 1518 4030 64
1525 3995 1540 4038 ;
1580 3973 1695 4044 woj,
1723 3973 1895 4043 wojna
1919 3995 1988 4018 =
2010 3991 2222 4043 puqna,
2248 3975 2481 4032 bellum..
2530 3973 2683 4043 Oonf.

451 4046 745 4101 Wladiwoi
772 4047 837 4113 V,
865 4047 949 4100 23.
985 4044 1272 4100 Mistuwoi
1294 4045 1334 4097 I
1331 4046 1382 4112 I,
1412 4045 1494 4098 14.
1632 4045 1688 4112 5)
1723 4044 1813 4098 De
1836 4045 2049 4098 nomine
2074 4043 2147 4110 cf.
2172 4045 2212 4096 I
2224 4043 2281 4107 V,
2310 4044 2379 4098 55
2405 4044 2687 4100 Dobrawa

435 4121 486 4169 et
551 4115 656 4182 VI,
712 4117 774 4170 11
829 4115 1084 4182 Iaromir.
1292 4114 1346 4179 6)
1409 4114 1841 4182 Mieczyslavum
1890 4114 1977 4166 ΙΙ.
2038 4111 2227 4166 ducem
2298 4113 2433 4168 1025
2447 4141 2515 4151 -
2534 4115 2684 4168 1034.

435 4185 489 4250 7)
527 4183 766 4238 ottonem
780 4203 800 4249 ,-
849 4184 922 4247 οῗ.
953 4181 994 4236 Ι
995 4185 1066 4246 Χ,
1107 4183 1151 4236 1.
1225 4183 1391 4246 Quem
1419 4183 1648 4237 eundem
1662 4183 1848 4248 fuisse
1875 4188 2034 4250 atque
2058 4181 2315 4248 Beapn‘m
2340 4181 2495 4238 illum
2519 4183 2686 4250 paulo

433 4269 608 4321 supra
652 4252 856 4308 dictum
902 4252 1140 4320 Roepezz,
1189 4249 1401 4306 ι(ἶαςεοΙι.
1437 4252 1657 4306 Ροῑεπε’
1701 4252 1754 4315 Ι,
1802 4250 1903 4305 164
1944 4250 2126 4304 volunt.
2274 4250 2330 4315 8)
2376 4251 2689 4306 Ekmarai

433 4322 766 4376 marchionis
789 4321 932 4390 filim
962 4323 1033 4387 qs.
1064 4321 1156 4384 VI,
1173 4321 1260 4387 33,
1299 4321 1457 4383 VIII,
1487 4323 1570 4376 11.
1614 4320 1827 4374 Nomen
1852 4319 2039 4383 eifuit
2056 4317 2379 4386 Reyainaem
2405 4336 2452 4374 v.
2474 4318 2686 4375 ‘Juxta-b.

434 4391 630 4446 Heinr.
659 4392 765 4444 II.’
802 4391 856 4456 I,
891 4391 996 4445 254
1029 4407 1084 4444 n.
1111 4392 1164 4456 5,
1187 4405 1238 4443 v.
1285 4389 1592 4456 Zeissbery,
1641 4387 1867 4456 ‘Kn'eqe
1902 4387 2197 4442 Heinrich
2232 4389 2318 4442 ΙΙ.
2361 4389 2457 4442 mit
2488 4389 2685 4442 Bolesl.

434 4477 483 4516 v.
518 4461 707 4515 Polen’
770 4459 986 4514 Wiener
1024 4459 1136 4514 ΕΒ.
1175 4457 1355 4512 LVII
1387 4474 1448 4526 p.
1473 4459 1595 4512 431.
1751 4457 1807 4523 9)
1860 4457 2264 4524 Suentopuzcm
2312 4473 2363 4512 v.
2400 4457 2567 4525 VIII,
2603 4457 2687 4512 72.

2718 2305 2739 2328 *
2757 2306 2843 2357 soz.
2866 2306 2945 2345 w.
