3100 5050
446 430 546 485 146
1061 426 1466 481 THIETMARI
1501 426 1763 483 CHRON.
1833 428 1969 482 LIB.
2005 428 2097 483 Vl.

257 594 408 650 1005.
445 582 536 645 cis
599 600 820 645 eorum
883 578 1234 645 elemosina
1293 580 1642 645 lucrandis,
1750 580 1877 646 Sed
1938 583 1993 645 si
2054 581 2448 647 extrinsecus
2512 602 2695 647 omne

445 666 750 743 defertur,
797 686 926 747 qua
968 668 1312 731 securitate
1355 667 1474 731 hoc
1509 667 1759 743 crescit,
1806 668 1989 732 cuius
2022 666 2312 749 profectu
2346 668 2695 733 multorum

444 752 783 817 diminutio
838 752 1072 834 gemit?
1172 750 1360 817 Certe
1413 772 1543 816 non
1595 751 1663 816 id
1712 751 1902 817 firma
1954 752 2307 817 stabilitate
2351 753 2693 833 exaltatur,

442 837 556 903 sed
625 836 982 920 lugubriter
1050 837 1430 921 quandoque
1502 838 1947 921 degradatur⁸.
2062 838 2130 904 Si
2200 839 2388 903 sileat
2456 840 2695 903 veritas

444 924 740 988 Christus
793 924 1058 1006 eiusque
1112 943 1422 1008 precones
1472 923 1758 1006 linguam
1809 925 2149 988 mordeant
2204 944 2451 1003 omneS,
2515 930 2693 989 estne

441 1010 566 1074 hoc
607 1016 813 1074 totum
856 1029 973 1092 per
1016 1011 1230 1074 omnia
1271 1009 1432 1073 bene
1474 1009 1810 1073 limatum?
1897 1009 2077 1074 Tuba
2121 1018 2307 1074 sonat
2344 1010 2688 1093 *euvange-
2716 1032 2839 1082 *fot
2860 1033 2964 1084 ιον.

133 1114 422 1167 Math.1o‚86.
440 1096 594 1175 lica,
658 1096 818 1158 nihil
878 1106 1153 1181 opertum
1201 1096 1382 1180 fore,
1442 1096 1608 1179 quod
1666 1118 1788 1159 non
1850 1096 2237 1159 revelabitur.
2340 1096 2689 1179 Postquam

439 1181 749 1245 voluntati
785 1180 1054 1245 'nostrae
1099 1182 1166 1245 in
1217 1180 1513 1245 omnibus
1569 1180 2022 1257 satisfecimuS,
2078 1180 2401 1245 ineffabile
2452 1181 2690 1245 malum

442 1265 876 1345 dissimulato·
908 1265 1191 1331 facinore
1252 1266 1538 1350 perpessi
1602 1288 1849 1346 sumus3
1921 1266 2171 1349 fragilis
2238 1273 2508 1331 naturae
2574 1287 2693 1332 nos

442 1352 888 1418 commortales
941 1373 1160 1417 sumus
1227 1358 1292 1416 et
1342 1352 1558 1415 omnia
1608 1361 1773 1416 nutu
1825 1374 1940 1416 suo
1991 1351 2275 1435 pondera
2332 1354 2399 1415 in
2454 1363 2693 1417 terram

441 1439 595 1504 ferri
629 1459 757 1502 non
792 1438 1200 1503 nesscimusb.
1263 1437 1759 1521 Resipiscenda⁰
1784 1438 2221 1519 respiciamuS,
2258 1444 2693 1503 ammonentes

439 1546 645 1608 neque
707 1545 1104 1608 spernemuS,
1176 1524 1495 1607 promissa
1563 1522 1859 1588 fidelibus
1922 1524 2169 1587 cunctis
2238 1525 2487 1605 premia
2548 1545 2692 1588 cum

440 1610 889 1675 mandatorum
934 1609 1376 1675 observatione
1420 1608 1773 1673 divinorum
1824 1610 2252 1691 acquiramus.
2340 1608 2486 1674 Non
2522 1610 2693 1675 vide-

441 1717 623 1762 amur
679 1698 919 1760 nostris
975 1694 1488 1760 antecessoribus
1544 1696 1865 1774 meliores,
1930 1694 2083 1778 quia
2137 1694 2383 1778 pariter
2438 1696 2690 1779 decepti

440 1783 509 1846 in
551 1782 736 1852 varia,
785 1782 992 1865 specie
1045 1783 1205 1846 recti
1257 1782 1381 1845 hiis
1435 1802 1655 1845 sumus
1710 1778 1947 1868 [nimis]
2001 1782 2392 1862 inaequales,
2490 1779 2689 1845 Nemo

439 1868 778 1945 irascatur,
807 1888 949 1931 cum
985 1872 1248 1951 propter
1274 1866 1482 1932 Deum
1516 1866 1963 1931 familiariter‘1
1996 1865 2080 1930 ab
2114 1866 2331 1950 aliquo
2361 1872 2686 1948 arguatur.

443 1953 697 2018 Caritas
734 1952 1002 2037 benigne
1038 1975 1079 2017 a
1113 1952 1360 2017 cunctis
1401 1953 1796 2037 succipiatur
1830 1960 1894 2017 et
1921 1951 2000 2017 ob
2026 1952 2688 2034 recompensacionem

441 2059 781 2123 supernam
826 2040 1064 2103 veritas
1109 2037 1283 2102 nuda
1335 2036 1735 2105 sufferatur0.
1842 2039 2035 2122 Optet
2084 2036 2370 2102 fidelium
2425 2037 2689 2122 supplex

439 2126 675 2208 peticio
728 2126 1013 2189 omnium
1063 2124 1493 2187 necessariam
1549 2122 1629 2187 de
1680 2123 1872 2187 rebus
1924 2124 2025 2188 his
2078 2133 2143 2187 et
2191 2123 2271 2187 de
2313 2123 2689 2188 criminibus

441 2211 586 2275 aliis
639 2232 679 2274 a
728 2210 985 2275 Christo
1036 2209 1523 2292 indulgentiam.
1622 2208 1707 2273 Et
1758 2230 1874 2292 ego
1925 2210 2111 2291 longe
2164 2209 2491 2292 digressus
2546 2206 2690 2297 [re]-

439 2303 655 2381 petam
697 2297 990 2377 inceptae
1034 2296 1426 2360 narrationis
1471 2315 1716 2359 cursus.

613 2384 714 2447 22.
773 2382 934 2467 (16.)
1021 2380 1348 2445 Ordinatis
1413 2380 1771 2463 legionibus
1836 2382 1994 2444 rex*
2047 2379 2197 2444 inde
2262 2380 2687 2463 progreditur,

443 2473 507 2533 et
558 2469 782 2551 regina
846 2468 1136 2532 celeriter
1195 2487 1452 2532 reversa
1523 2473 1820 2550 optatum
1872 2466 2091 2532 dilecti
2144 2466 2411 2532 senioris
2464 2467 2565 2531 sui
2621 2466 2688 2530 in

442 2553 723 2618 Saxonia
758 2553 1026 2618 sollicite
1070 2552 1552 2637 prestolabatur
1588 2553 1949 2618 adventum.
2040 2553 2437 2618 Exercitumf
2474 2558 2687 2618 autem

439 2647 733 2704 nostrum
781 2659 924 2703 cum
967 2639 1390 2724 prosperitate
1435 2639 1519 2703 ad
1561 2638 1799 2719 locum,
1853 2639 1965 2721 qui
2011 2638 2343 2702 Dobraluh
2386 2637 2626 2702 dicitur
2642 2638 2686 2716 1,

440 2725 507 2789 in
563 2745 728 2809 pago
773 2726 1028 2790 Luziciss
1069 2727 1425 2790 venientem
1485 2724 1826 2790 Heinricus
1880 2730 1945 2789 et
1986 2723 2321 2788 Iarimirus
2366 2723 2559 2788 duces
2604 2723 2689 2788 ad

442 2812 954 2896 supplementum
1034 2811 1319 2875 eiusdem
1397 2831 1542 2875 cum
1620 2811 1753 2874 suis
1830 2815 2245 2894 properantes
2337 2809 2692 2874 laetificant

440 2899 853 2982 maiorequeh
889 2897 1136 2962 consilii
1173 2903 1238 2961 et
1271 2895 1673 2960 fortitudinis
1714 2917 1825 2980 spe
1858 2895 2181 2960 roborant.
2263 2895 2386 2959 Hic
2420 2895 2689 2960 ducibus

441 2987 762 3068 corruptis
808 2989 872 3046 et
915 3004 1032 3047 sua
1075 2982 1420 3047 defendere
1475 2982 1881 3062 cupientibus
1924 3003 2041 3064 per
2084 2981 2463 3046 solitudines
2508 2981 2689 3066 palu-

439 3069 678 3152 desque
755 3069 1222 3133 circumductus
1300 3066 1667 3142 ad*modum
1738 3075 2045 3150 gravatur
2115 3076 2207 3146 et,
2274 3089 2355 3131 ne
2415 3069 2545 3131 cito
2606 3066 2691 3131 ad
2718 3086 2739 3109 *
2758 3089 2843 3137 soz.
2866 3089 2961 3130 108.

439 3155 689 3220 hostem
729 3153 1065 3219 ledendum
1101 3155 1484 3237 perveniret,
1529 3154 1745 3218 invida
1782 3175 2001 3219 eorum
2038 3152 2438 3236 malignitate
2472 3151 2687 3218 tarda-

439 3246 568 3304 tur.
699 3239 857 3304 Inde
935 3241 1329 3322 provinciam
1401 3237 1559 3304 Nice
1626 3238 1960 3304 vocatam2
2037 3240 2262 3304 itinere
2342 3239 2688 3322 attingensi

437 3327 622 3390 iuxta
683 3327 998 3411 Sprewam
1059 3324 1364 3390 fluvium3
1433 3331 1647 3390 castra
1715 3332 1992 3390 metatus
2054 3331 2169 3390 est.
2284 3323 2471 3389 Hunc
2542 3345 2687 3389 cum

438 3411 687 3476 hostem
747 3434 825 3477 ex
875 3411 1074 3476 latere
1127 3410 1350 3476 abdito
1404 3416 1734 3476 nocentem
1779 3409 2220 3476 Thiebernus4
2272 3410 2457 3476 miles
2510 3431 2685 3494 egre-

522 3566 604 3634 '*)
642 3583 675 3620 a
707 3565 904 3620 Liezka
940 3568 1067 3621 add.
1095 3568 1144 3620 2.

438 3684 486 3735 a)
514 3684 627 3726 hunc
662 3688 794 3726 locum
819 3687 846 3725 2
881 3689 942 3725 ita
976 3685 1156 3726 coehibet:
1201 3685 1466 3725 exaltabltur
1483 3705 1534 3713 —
1551 3684 1861 3734 degradabitur
1896 3687 1939 3723 et
1974 3687 2225 3723 sanctorum
2258 3687 2431 3734 patrum
2468 3685 2683 3724 institutio

438 3738 821 3786 redintegrabitur.
886 3738 1026 3779 Sileat
1051 3748 1112 3787 v.,
1138 3747 1222 3786 que
1249 3740 1318 3776 est
1343 3736 1409 3786 0.,
1435 3747 1478 3786 p.
1507 3745 1548 3776 e.
1578 3746 1620 3776 o.
1650 3737 1681 3776 1.
1710 3747 1795 3775 m.:
1833 3735 1999 3786 lapides
2027 3736 2290 3788 clamabunt,
2317 3737 2399 3775 hec
2426 3736 2572 3775 omnia
2597 3746 2684 3776 non

437 3789 550 3830 bene
583 3801 684 3830 esse
715 3791 884 3830 limata.
947 3789 1074 3830 'ruba
1107 3790 1368 3835 euangelica
1402 3791 1542 3839 sonat,
1578 3799 1622 3828 n.
1650 3799 1691 3828 o.
1720 3797 1830 3836 esse,
1868 3799 1909 3836 q.
1938 3799 1983 3826 n.
2011 3797 2048 3828 r.
2092 3787 2271 3836 Veniet,
2304 3789 2505 3836 inquam,
2538 3787 2687 3828 veniet

436 3847 622 3893 tempus,
648 3851 732 3891 quo
758 3846 802 3882 et
826 3843 1021 3888 istorum,
1037 3842 1152 3890 hypo
1161 3842 1288 3879 crisis
1315 3840 1541 3889 detegetur
1569 3843 1613 3880 et
1638 3839 1819 3888 antiqua
1842 3843 2015 3888 patrum
2039 3839 2255 3878 institutio
2279 3849 2359 3888 per
2376 3840 2522 3879 omnia
2538 3839 2685 3878 lauda-

436 3894 565 3934 bilior
599 3895 672 3933 his
707 3895 894 3933 diversis
928 3893 1195 3932 novitatibus
1233 3901 1332 3932 esse
1369 3895 1671 3940 cognoscetur.
1734 3893 1824 3930 Nos
1858 3895 2111 3939 peccatores
2145 3894 2391 3940 postquam.
2495 3891 2542 3941 b)
2577 3901 2683 3930 ones

439 3945 532 3992 (pro
566 3944 691 3996 ones)
732 3948 894 3985 scimus
931 3946 984 3994 B,
1019 3955 1106 3984 non
1140 3945 1386 3983 nesscimus
1420 3955 1529 3983 con.
1561 3945 1611 3983 Τ.
1724 3942 1765 3993 c)
1790 3942 2095 3991 resipiscenda
2119 3945 2157 3982 1.
2212 3941 2463 3982 omittenda
2489 3951 2683 3992 quaeque

436 3999 738 4048 respiciamus,
774 3997 1070 4037 admonitores
1096 3999 1265 4035 nostros
1291 4006 1378 4035 non
1404 4005 1679 4044 spernamus,
1715 3993 1793 4034 sed
1818 3995 2019 4034 conversi
2052 3995 2263 4044 promissa
2288 3995 2321 4032 f.
2349 4004 2387 4035 c.
2412 4004 2457 4043 p.
2486 4003 2524 4034 c.
2552 4004 2594 4033 o.
2622 4005 2682 4033 m.

437 4049 524 4088 Dei
551 4051 845 4098 acquiramus.
907 4049 1006 4087 Non
1033 4057 1080 4088 v.
1107 4059 1167 4088 m.
1195 4059 1236 4086 a.
1264 4059 1324 4096 n.,
1349 4047 1453 4096 quia
1488 4047 1545 4086 ab
1583 4057 1733 4087 eorum
1768 4047 2073 4096 probatissima
2100 4045 2433 4085 conversatione
2458 4045 2685 4084 deviantes

437 4101 545 4150 ipsis
574 4098 703 4140 nimis
731 4101 958 4151 inequales
984 4110 1154 4139 sumus.
1214 4099 1352 4139 Nemo
1375 4097 1574 4138 fidelium
1598 4099 1828 4148 irascatur,
1862 4107 1961 4137 cum
1996 4103 2170 4148 propter
2193 4099 2338 4137 Deum
2373 4097 2600 4136 caritative
2627 4097 2683 4136 ab

437 4153 586 4202 aliquo
613 4152 882 4193 admonetur.
937 4151 1107 4191 Caritas
1133 4153 1176 4190 2.
1307 4149 1352 4200 d)
1396 4151 1633 4189 famialiter
1658 4152 1710 4199 B,
1751 4161 1859 4188 eoo-r.
1882 4151 1931 4189 Τ.
2062 4154 2105 4196 e)
2148 4148 2385 4188 suffaratur
2410 4150 2463 4198 Β,
2503 4159 2610 4188 corr.
2633 4147 2681 4187 Τ.

437 4203 474 4256 f)
499 4205 764 4244 excercitum
790 4206 844 4245 B.
949 4202 997 4254 g)
1023 4203 1192 4243 luidere
1217 4203 1265 4252 23
1291 4201 1454 4242 liudice
1480 4203 1533 4242 A.
1551 4203 1597 4242 S.
1700 4199 1749 4252 h)
1776 4201 2027 4250 maioraque
2052 4204 2091 4240 1.
2195 4203 2229 4251 1)
2254 4201 2521 4250 attingentes
2546 4202 2587 4240 1.

438 4325 490 4390 1)
539 4326 848 4395 Dobriluyk
889 4325 950 4378 in
990 4324 1230 4378 Lusatia
1269 4302 1532 4389 inferiori.
1601 4323 1671 4377 L.
1850 4322 1903 4386 2)
1950 4323 2001 4375 I.
2030 4337 2073 4375 e.
2109 4337 2227 4375 eam
2261 4321 2383 4385 fere
2416 4320 2683 4387 Lusatiae

436 4393 716 4456 inferioris
763 4394 1040 4448 marchiae
1087 4399 1315 4459 partem,
1364 4408 1502 4460 quae
1548 4391 1691 4446 inter
1737 4389 1905 4458 Spree
1947 4397 1997 4445 et
2040 4389 2237 4444 Neisse
2282 4389 2477 4455 fluvios
2525 4389 2681 4443 iacet.

429 4462 490 4530 3)
525 4464 708 4531 Spree.
817 4462 900 4544 .4)
936 4463 1198 4516 Fortasse
1231 4460 1601 4516 Thiedbernus
1633 4460 1725 4514 ille
1758 4475 1933 4526 supra
1966 4475 2009 4513 c.
2040 4460 2105 4512 16
2140 4462 2601 4514 commemoratus.
