3100 5050
1087 404 1490 459 THIETMARI
1527 402 1789 459 onnon.
1858 404 1995 459 ΗΒ.
2032 404 2096 459 v.
2196 361 2207 381 '
2613 405 2715 459 11⁷

459 562 670 627 luctus
715 560 831 640 tui,
889 560 1041 644 quia
1087 558 1392 624 salutaris
1435 564 1657 623 auster
1698 558 1971 623 amicam
2018 557 2393 641 temperiem
2445 554 2567 621 tibi
2619 555 2715 621 af-
2752 570 2903 625 1002.

457 646 654 715 flavit.
741 646 888 711 Non
930 645 1042 710 diu
1087 645 1153 709 in
1198 645 1505 709 servitute
1550 642 1865 723 manebis,
1926 644 2080 727 quia
2124 642 2209 707 ad
2262 641 2715 707 dominandum

458 732 676 810 libere,
722 753 758 795 o
807 732 996 817 Syon,
1044 729 1475 797 renovaberis,
1567 729 1679 795 Set
1722 729 1996 813 amplius
2040 728 2547 812 progrediamur.

633 818 731 885 18.
782 816 940 903 (10.)
1011 815 1246 880 Omnes
1283 816 1394 900 qui
1428 815 1630 899 priori
1665 816 2038 899 imperatori
2075 814 2484 893 serviverant,
2521 813 2718 879 Liud-

458 924 613 987 gero
651 903 788 968 solo
825 907 1193 967 remanente
1213 902 1254 980 ¹,
1299 902 1437 983 regi
1473 922 1703 966 manus
1740 898 2145 985 complicant,
2182 898 2369 965 fidele
2406 899 2715 965 auxilium
3061 889 3066 983 l

458 1010 574 1073 per
627 997 1034 1054 sacramenta
1087 985 1483 1052 confirmant.
1588 985 1991 1051 Bolizlavus⁸
2052 992 2265 1052 autem
2329 986 2716 1051 Misnensem
3064 996 3066 1009 '

456 1075 682 1141 urbem
701 1074 1149 1139 tantummodo
1170 1072 1622 1137 innumerabili
1641 1073 1915 1156 pecunia
1934 1073 2268 1155 acquirere
2286 1071 2621 1155 satagebat
2635 1077 2715 1148 et,

459 1161 614 1246 quia
667 1160 1066 1245 oportunitas
1119 1159 1302 1241 regni
1356 1179 1482 1223 non
1534 1165 1703 1237 erat,
1758 1158 1931 1241 apud
1984 1178 2199 1243 regem
2251 1159 2541 1242 optinere
2590 1177 2719 1221 non

456 1245 731 1326 valebat,
766 1246 866 1310 vix
906 1246 1276 1329 impetrans,
1317 1252 1388 1308 ut
1423 1244 1585 1309 haec
1621 1244 1811 1308 fratri
1848 1264 1963 1308 suo
2000 1242 2397 1309 Guncelino²
2432 1242 2716 1322 daretur,

457 1332 726 1398 redditis
771 1331 894 1397 sibi
937 1330 1193 1395 Lusizib
1239 1337 1302 1395 et
1345 1329 1665 1395 Milzieni⁰
1716 1328 2144 1413 regionibus&
2238 1328 2422 1393 Hunc
2464 1328 2717 1393 Heinri-

460 1439 572 1483 cus
621 1437 861 1496 comes,
907 1437 1103 1501 nepos
1147 1437 1328 1481 meus
1351 1415 1399 1493 ⁴,
1447 1415 1681 1499 oppido
1726 1414 2027 1498 diligem,
2082 1435 2483 1498 quocumque
2526 1413 2717 1479 modo

458 1504 686 1588 potuit,
742 1501 1018 1568 libenter
1069 1509 1136 1567 et
1177 1501 1607 1567 amicabiliter
1652 1522 1795 1565 eum
1850 1500 2216 1566 adiuvabat.
2316 1500 2515 1578 Quem
2572 1520 2717 1565 cum

457 1590 619 1655 bene
673 1597 1078 1654 muneratum
1133 1598 1198 1652 et
1253 1608 1395 1652 cum
1449 1586 1717 1651 licentia
1768 1587 1936 1669 regis
1991 1585 2335 1652 abeuntem
2380 1585 2717 1651 comitare-

456 1683 581 1752 tur,
628 1681 1111 1740 concurrentem
1147 1673 1308 1737 vidit
1356 1682 1673 1737 armatam
1719 1672 2198 1738 multitudinem
2239 1682 2322 1755 et,
2358 1693 2475 1756 per
2512 1672 2718 1737 Deum

457 1768 686 1835 testor,
741 1761 986 1844 absque
1039 1760 1209 1842 regis
1265 1758 1534 1823 consilio
1590 1770 1657 1822 et
1709 1760 2101 1823 conscientia
2152 1758 2458 1823 adversus
2513 1779 2581 1822 se
2625 1758 2717 1822 in-

457 1853 845 1929 surgentem.
932 1845 1056 1923 Qui
1103 1866 1244 1909 cum
1291 1866 1556 1909 causam
1610 1844 1776 1909 tanti
1832 1845 2145 1909 tumultus
2190 1844 2575 1926 investigare
2632 1851 2714 1921 et,

455 1954 536 1997 ne
589 1931 734 2016 plus
792 1931 1012 1995 damni
1069 1930 1377 2009 oriretur,
1430 1930 1738 1995 voluisset
1799 1951 2231 2014 compescere,
2287 1931 2392 1993 vix
2453 1950 2717 1994 securus

457 2018 701 2082 socium
743 2016 956 2081 fracta
999 2016 1304 2080 exteriori
1347 2022 1538 2097 porta
1585 2015 1816 2083 educit.
1907 2017 2003 2081 De
2046 2015 2463 2099 sequentibus
2500 2021 2715 2080 autem

455 2101 768 2168 militibus
814 2101 1102 2166 nonnulli
1147 2122 1188 2166 a
1233 2100 1677 2185 comprimenti
1715 2100 1909 2167 turba
1946 2110 2097 2167 sunt
2130 2102 2403 2186 predati,
2454 2101 2715 2184 quidam

457 2195 677 2254 autem
741 2187 1086 2253 admodum
1147 2188 1417 2252 sauciati
1490 2194 1766 2253 mortem
1817 2187 2178 2253 Bernhardi
2231 2187 2413 2251 ducis
2471 2186 2715 2251 auxilio

459 2281 821 2340 evaserunt.
919 2273 1007 2337 Hi
1061 2294 1335 2357 namque
1395 2274 1639 2338 curiam
1693 2273 1939 2357 regiam
1992 2274 2230 2338 armati
2282 2274 2599 2338 intrantes
2654 2278 2719 2337 et

457 2360 535 2426 de
580 2358 701 2424 hac
747 2359 922 2425 exire
966 2359 1130 2424 iussi
1173 2359 1462 2424 nolentes
1509 2358 1697 2443 culpa
1742 2380 1859 2423 sua
1902 2359 2030 2425 tale
2078 2359 2433 2441 periculum
2484 2359 2715 2424 merito

455 2446 918 2513 sustinuerunt.
1026 2444 1389 2510 Bolizlavus
1435 2453 1651 2510 autem
1697 2444 1815 2509 hoc
1861 2446 2102 2510 factum
2149 2466 2287 2509 esse
2350 2444 2497 2509 dolo
2562 2444 2716 2509 mali

456 2532 704 2598 consilii
748 2541 1093 2597 autumans
1146 2531 1324 2614 gravi
1382 2552 1636 2596 merore
1690 2533 2110 2612 consumitur,
2156 2534 2313 2614 regi,
2372 2531 2543 2615 quod
2589 2551 2717 2596 non

451 2619 832 2702 promeruit,
897 2617 1294 2701 imputandO.
1393 2617 1689 2682 Salutate
1745 2638 1897 2699 ergo
1952 2617 2255 2682 Heinrico
2318 2627 2409 2699 et,
2467 2619 2523 2682 si
2575 2637 2715 2681 um-

454 2725 650 2788 quam
677 2704 1012 2786 indigeret,
1042 2704 1284 2769 auxilio
1314 2724 1430 2768 suo
1457 2702 1731 2769 firmiter
1753 2705 2069 2788 promisso
2103 2704 2386 2787 patriam
2422 2704 2718 2768 celeriter

220 2807 242 2832 ¹·
261 2822 313 2861 p.
335 2809 425 2852 ⁷⁹⁶.
455 2790 724 2855 ¹“revisit
834 2789 1123 2872 Cumque
1174 2791 1572 2873 pervenisset
1622 2788 1705 2854 ad
1764 2790 2042 2854 strelam
2096 2789 2344 2857 urbem.
2417 2789 2715 2871 protinus

455 2896 599 2940 eam
678 2874 1025 2939 incendens
1114 2895 1414 2956 magnam
1507 2875 1989 2941 multitudinem
2078 2874 2714 2958 comprovincialium

456 2981 669 3026 secum
724 2959 1019 3037 abduxit,
1082 2961 1350 3025 nuncios
1405 2982 1661 3044 quoque
1725 2961 2036 3044 quosdam
2100 2963 2461 3037 remittenS,
2525 2979 2716 3044 quos-

455 3066 725 3128 cumque
769 3046 1000 3128 potuit,
1046 3047 1182 3129 regi
1223 3053 1513 3110 avertere
1551 3046 1896 3113 contendit.
1988 3047 2171 3126 Quod
2209 3068 2358 3112 mox
2399 3046 2484 3112 ad
2522 3068 2713 3111 aures
2742 3043 3023 3137 “ff-3252·

453 3134 624 3214 regis
677 3138 1015 3215 postquam
1069 3133 1386 3215 pervenit,
1451 3155 1600 3196 suos
1652 3133 2009 3199 familiares
2062 3133 2396 3198 caritative
2447 3134 2713 3217 rogavit,
2858 3123 2869 3146 '

454 3224 528 3283 ut
579 3219 894 3282 archanas
948 3217 1157 3282 Sclavi
1210 3216 1482 3282 insidias
1530 3221 1980 3303 perquirerent
2040 3229 2125 3300 et,
2180 3221 2235 3284 si
2287 3216 2426 3283 fieri
2478 3226 2714 3303 posset,

453 3304 888 3386 exploratores
933 3303 1072 3367 eius
1117 3323 1346 3387 capere
1391 3312 1802 3386 temptarent.

452 3440 500 3492 a)
526 3441 751 3481 Bolizlaus
768 3441 796 3478 2
812 3451 983 3489 semper.
1046 3438 1094 3492 b)
1119 3439 1295 3480 Lindizi
1311 3442 1352 3492 2,
1369 3442 1503 3491 Δ.,8’.;
1545 3441 1715 3482 Liusizi
1738 3443 1831 3482 Ure.
1855 3443 2046 3482 correxit.
2109 3441 2151 3493 c)
2179 3444 2242 3482 ita
2259 3443 2395 3489 A.S.‚·
2424 3442 2655 3482 miltizieni
2671 3443 2713 3482 2.

454 3546 506 3610 1)
548 3545 612 3599 V.
648 3559 822 3612 supra
858 3561 978 3612 cap.
1005 3546 1055 3600 3.
1219 3544 1275 3611 2)
1321 3543 1623 3600 Guncelino
1658 3545 1973 3601 Ekkffiardi
2003 3546 2339 3601 marchionis
2372 3546 2543 3612 fratri
2547 3565 2564 3611 ,·
2619 3546 2716 3614 qui

450 3628 556 3684 quo
590 3613 712 3666 iure
744 3611 920 3676 frater
943 3614 1224 3668 Boleslam'
1257 3615 1493 3680 dicatur,
1527 3630 1639 3668 non
1673 3616 1854 3683 liquet,
1892 3615 2152 3683 quoniam
2184 3631 2355 3682 neque
2373 3622 2588 3684 patrem
2612 3631 2713 3668 ⁴nec

451 3687 676 3737 matrem
711 3697 834 3736 eum
867 3683 960 3736 illo
995 3698 1327 3736 communem
1361 3683 1620 3737 habuisse
1647 3690 1840 3752 potest.
1910 3683 2067 3748 Confi
2094 3682 2332 3738 ‘Jahrb.’
2360 3685 2412 3749 I,
2448 3685 2551 3738 223
2578 3700 2632 3736 n.
2661 3683 2711 3737 7.

449 3752 721 3806 Fortasse
791 3750 911 3805 Oda
981 3751 1260 3805 Boleslavi
1323 3768 1552 3806 noverca
1621 3753 1684 3814 (I
1697 3752 1769 3817 V,
1828 3753 1921 3815 57)
1994 3752 2287 3807 Guncelini
2353 3759 2528 3807 mater
2584 3750 2710 3815 fuit.

450 3818 505 3885 3)
542 3819 759 3874 Scilicet
794 3820 1082 3873 Boleslavo
1117 3819 1316 3873 Lusizi
1351 3827 1401 3874 et
1435 3821 1690 3874 Milziem’
1728 3822 1970 3888 νεμέσησε
2005 3823 2171 3876 datae
2203 3827 2334 3876 sunt
2364 3821 2462 3888 (cf.
2503 3821 2596 3883 VI,
2634 3821 2710 3886 2),

450 3889 533 3942 ita
574 3896 638 3943 ut
679 3889 876 3943 Ehstra
919 3889 1084 3956 niqra
1124 3889 1257 3953 finis
1299 3890 1456 3956 reyni
1499 3890 1755 3944 Polonici
1795 3890 2119 3954 efficeretur.
2206 3891 2357 3954 Quae
2407 3888 2614 3944 Herseh
2661 3895 2714 3943 et

460 3957 691 4024 Usinyer
733 3955 1000 4018 (vabre)
1036 3958 1089 4023 I,
1135 3958 1237 4010 224
1278 3973 1332 4010 π.
1378 3961 1446 4023 1),
1491 3958 1791 4013 Neumann
1834 3958 2066 4022 (‘Ne·ues
2110 3960 2357 4013 Lausite.
2385 3959 2561 4025 May!
2599 3958 2711 4021 33),

394 4038 402 4047 ¹
449 4041 498 4079 v.
526 4026 812 4094 Zeissbery
846 4023 1098 4094 (‘Krieye
1133 4025 1433 4081 Heinriehs
1468 4028 1555 4080 ΙΙ.
1600 4029 1696 4082 mit
1721 4027 1995 4082 Boleslaw
2030 4043 2079 4081 v.
2115 4026 2306 4081 Polen'
2347 4027 2563 4081 Wiener
2598 4024 2711 4080 SR.

448 4094 647 4176 LXII,
684 4110 744 4162 p.
772 4095 1038 4158 275—76)
1074 4094 1366 4176 diplomate
1393 4096 1814 4176 Heinn‘ci01004
1849 4097 1995 4164 Any.
2022 4099 2057 4150 8
2091 4096 2221 4176 dato
2263 4095 2521 4175 (Stampf
2550 4096 2711 4158 1391)

448 4163 1839 4299 warewast.
1857 4166 2379 4302 ...⁴⁴4⁴
2399 4165 2712 4300 mar.

449 4315 618 4368 neque
652 4301 818 4354 ullius
861 4309 992 4356 sunt
1033 4307 1303 4368 momenta,
1348 4317 1607 4370 quomam
1650 4317 1747 4356 rex
1789 4302 1912 4355 alos
1938 4318 2118 4371 pagos
2161 4303 2275 4355 iam
2317 4318 2439 4356 vere
2484 4319 2535 4356 α.
2574 4301 2710 4356 1004

451 4383 742 4490 aggressus
771 4376 1030 4424 autumno
1059 4370 1296 4424 eiusdem
1329 4371 1466 4424 anni
1487 4371 1831 4438 recuperavit
1855 4371 1885 4432 (
1882 4387 1931 4424 v.
1972 4371 2069 4438 VI,
2096 4373 2147 4425 2.
2176 4372 2259 4425 14.
2288 4373 2395 4435 15).
2463 4369 2519 4436 4)
2548 4371 2707 4425 Mar-

450 4452 480 4491 c
517 4452 571 4490 so
604 4437 665 4490 in
695 4453 841 4506 payo
878 4438 1166 4507 Nordyau.
