3100 5050
453 419 522 475 42
1067 418 1473 476 THIETMARI
1507 419 1766 476 CHRON.
1840 421 1978 476 LIB.
2013 420 2089 475 ΙΙ.

455 573 707 638 nomine
752 575 1023 653 vocavit,
1077 574 1386 659 templum
1435 575 1703 640 Domino
1748 575 1827 641 de
1871 574 2195 658 lapidibus
2249 573 2507 640 edificat
2558 597 2705 640 con-

339 667 345 675 '
454 659 823 742 sectarique
859 659 1032 726 fecit.
1105 659 1494 726 Beneficium
1529 668 1746 726 autem
1784 683 1990 741 omne,
2028 661 2201 746 quod
2238 661 2324 726 ad
2359 661 2704 726 aecclesias

453 746 520 810 in
565 743 938 828 Merseburg
983 743 1100 845 [et]
1148 746 1213 811 in
1269 747 1679 813 Mimenlevo⁸
1728 750 1971 831 positas
2032 769 2108 812 ac
2162 747 2245 812 ad
2290 747 2705 830 Thornburgl

453 837 520 896 et
545 830 901 914 Kirberge²
933 833 1302 916 pertmensb
1340 833 1484 912 fuit,
1523 839 1904 918 antequam!3
1938 833 2365 911 ordinaretur,
2398 835 2704 915 optinuit,

453 923 519 982 et
562 918 715 1001 quia
758 919 815 982 is
857 918 923 982 in
958 919 1204 984 oriente
1239 920 1640 985 innumeram
1678 919 1937 986 Christo
1975 918 2223 1004 plebem
2259 918 2705 1003 predicacione

453 1003 716 1068 assidua
741 1011 804 1069 et
821 1004 1206 1089 baptismate
1226 1004 1599 1085 vendicavit,
1629 1007 1981 1088 inperatori
2006 1006 2253 1088 placuit
2292 1005 2704 1070 eleccionem-

453 1086 620 1178 [que]
675 1089 754 1155 de
807 1091 1016 1155 tribus
1069 1090 1536 1156 constituendis
1594 1091 2065 1176 episcopatibus
2118 1088 2221 1180 [ei]
2284 1090 2487 1170 dedit,
2552 1091 2706 1156 Mis-

452 1177 668 1242 nensis
680 1176 725 1254 ⁶,
773 1175 1110 1242 Citicensis
1154 1182 1348 1261 atque
1393 1176 1785 1261 Merseburg.
1884 1177 2039 1244 *Pre
2082 1177 2209 1243 hiis
2254 1176 2575 1257 omnibus,
2630 1198 2706 1242 eo

451 1262 628 1348 quod
670 1261 940 1347 pacifica
983 1268 1148 1340 erat,
1208 1263 1869 1346 Merseburgiensem⁶
1914 1264 1996 1328 ab
2040 1269 2315 1348 augusto
2362 1285 2707 1346 exposcens

451 1349 847 1424 aecclesiam,
894 1348 1203 1432 quamdiu
1245 1349 1422 1428 vixit,
1471 1349 1755 1415 studiose
1800 1350 2065 1415 eandem
2110 1351 2323 1435 rexit]

621 1452 724 1518 37.
789 1450 936 1535 [Hic
983 1457 1056 1516 ut
1099 1451 1222 1515 sibi
1269 1452 1641 1517 commissos
1687 1473 1763 1518 eo
1808 1452 2063 1517 facilius
2108 1453 2473 1529 instrueret,
2530 1451 2705 1516 Scla-

451 1536 677 1602 vonica
739 1537 1084 1620 scripserat
1142 1536 1338 1602 verba
1399 1545 1465 1602 et
1527 1559 1635 1603 eos
1698 1538 2067 1604 kirieleison
2128 1545 2392 1603 cantare
2460 1539 2709 1624 rogavit

450 1644 773 1707 exponens
817 1624 909 1687 eis
953 1623 1146 1688 huius
1191 1624 1559 1688 utilitatem.
1661 1625 1783 1702 Qui
1830 1625 2128 1689 vecordes
2181 1624 2303 1688 hoc
2357 1625 2423 1689 in
2467 1625 2707 1688 malum

451 1709 737 1774 irrisorie
801 1708 1137 1774 mutabant
1195 1709 1573 1789 ukrivolsaf,
1648 1710 1821 1794 quod
1882 1717 2105 1775 nostra
2163 1711 2384 1792 lingua
2443 1709 2705 1775 dicitur:

451 1795 647 1860 aeleri
695 1795 893 1878 [statss
947 1795 1014 1859 in
1058 1795 1407 1861 frutectum
1421 1795 1478 1880 33
1527 1796 1837 1861 dicentes:
1886 1795 2009 1860 ‘Sic
2053 1796 2305 1861 locutus
2360 1802 2458 1861 est
2500 1796 2706 1872 Boso’,

451 1902 596 1946 cum
648 1880 758 1946 ille
811 1881 1004 1947 aliter
1058 1881 1313 1946 dixerit.
1326 1881 1385 1966 h]
1492 1883 1831 1966 Inperator
1888 1882 2039 1947 huic
2089 1903 2331 1966 paucas
2383 1881 2567 1946 villas
2622 1881 2708 1945 ad

449 1966 805 2050 predictam
867 1966 1092 2032 urbem
1155 1969 1549 2049 pertinentes
1612 1976 1678 2033 et
1738 1971 1805 2033 in
1865 1989 2031 2053 pago
2096 1967 2355 2035 Chutici
2425 1968 2703 2050 positum

450 2051 767 2137 quoddam
803 2053 1156 2132 castellum,
1194 2053 1367 2137 quod
1398 2054 1747 2120 Medeburu
1785 2054 2093 2120 vocatur⁴
2126 2092 2213 2103 —
2247 2055 2708 2135 interpretatur

451 2145 665 2203 autem
710 2138 861 2204 hoc:
918 2139 1043 2203 mel
1086 2139 1400 2221 prohibe⁵
1441 2161 1550 2220 —3
1602 2143 1918 2207 concessit
1962 2161 2212 2225 quoque
2257 2140 2315 2205 ei
2360 2138 2531 2204 filius
2576 2141 2706 2205 sui-

449 2231 580 2289 met
634 2232 699 2289 et
751 2227 1142 2308 equivocus*
1193 2225 1571 2290 aecclesiam
1626 2227 1691 2290 in
1750 2227 2081 2312 Helpithi6
2131 2226 2445 2310 positam,
2513 2247 2705 2309 quam

448 2316 632 2395 pater
675 2310 815 2376 eius
857 2312 925 2376 in
969 2311 1211 2376 honore
1256 2318 1518 2377 sanctae
1552 2312 1967 2396 Radegundis
2012 2319 2463 2390 constructam,
2512 2312 2707 2376 Bern-

449 2396 719 2462 hardum
765 2397 905 2480 ipse
949 2418 1213 2482 presens
1261 2397 1563 2463 dedicare
1604 2400 1893 2482 precepit
1928 2399 2308 2466 antistitem.
2398 2397 2525 2463 Sed
2562 2419 2707 2462 oum

449 2483 694 2567 primus
757 2484 1066 2551 ecclesiae
1131 2487 1349 2569 [pater]
1421 2490 1707 2564 nostrae,
1778 2486 1946 2552 sicut
2014 2483 2291 2569 predixi,
2364 2485 2706 2568 expiraret,

449 2572 909 2636 intercessione
956 2571 1268 2649 Annonis,
1324 2572 1607 2656 episcopi
1664 2571 2159 2649 wormacensis,
2212 2573 2544 2656 inperator
2597 2571 2703 2636 Gi—

452 2655 674 2736 silero,
730 2656 1015 2722 moribus
1061 2665 1127 2722 et
1177 2664 1410 2722 natura
1463 2657 1697 2738 nobili,
1754 2655 2237 2745 [episcopatum]
2292 2657 2487 2725 dedit.
2584 2656 2708 2721 Hic

451 2747 861 2808 consecratur
934 2744 1001 2808 in
1063 2743 1534 2827 Magadaburg¹
1606 2742 1702 2809 ab⁴
1750 2743 2125 2809 Athelberto
2196 2743 2707 2809 archiantistitelt

451 2829 638 2893 Iunio
682 2830 946 2915 mensa]

621 2933 725 3001 38.
773 2931 934 3018 (24.)
997 2929 1404 3020 [[Equidem],
1450 2933 1631 3016 quia¹
1685 2932 1763 2997 de
1801 2931 2093 3008 Conrado
2137 2929 2316 3011 duce,
2364 2932 2476 3017 qui
2512 2950 2704 3013 gener

449 3020 688 3084 cesaris
732 3019 915 3083 iuxta
957 3018 1130 3083 Lech
1172 3016 1434 3083 fluvium
1477 3019 1725 3083 occisus
1772 3024 1895 3095 est,
1949 3038 2157 3100 pauca
2210 3017 2373 3096 dixi,
2428 3038 2555 3083 non
2608 3017 2704 3081 in-

450 3126 802 3189 congruum
848 3126 988 3170 esse
1031 3124 1206 3183 reor,
1263 3104 1539 3190 quedam
1584 3110 1739 3170 tunc
1782 3126 1823 3169 a
1868 3125 1968 3169 me
2019 3103 2381 3169 indiscussa
2434 3103 2702 3187 aperire.

449 3190 604 3256 Post
644 3192 900 3275 longum
947 3198 1198 3274 tempus
1237 3191 1586 3276 imperator
1622 3190 1707 3255 ad
1744 3190 2117 3273 Merseburg
2151 3190 2427 3267 veniens,
2473 3212 2513 3255 a
2549 3211 2703 3273 quo-

450 3277 594 3342 dam
639 3277 968 3362 proditore
1009 3276 1355 3362 com*perit
1398 3277 1660 3343 exuvias
1702 3276 1987 3342 eiusdem
2035 3297 2075 3341 a
2116 3274 2357 3340 Sclavis
2397 3276 2463 3339 in
2502 3276 2703 3339 Zuen-

561 3416 618 3480 *)
656 3414 787 3471 Otto
822 3415 1080 3471 secundus
1115 3418 1242 3472 add.
1288 3417 1348 3471 V.

448 3534 493 3586 a)
520 3536 790 3576 inimenlevo
815 3536 964 3587 aposto
989 3537 1144 3576 calami
1170 3538 1295 3599 lapsu
1321 3539 1364 3577 1.
1481 3536 1532 3587 b)
1560 3536 1621 3575 ita
1648 3537 1690 3575 2.
1732 3536 1785 3575 A.
1806 3536 1880 3584 S.,·
1925 3535 2193 3585 pertinentes
2220 3538 2258 3575 1.
2378 3533 2427 3597 c).
2445 3544 2634 3583 anquam
2662 3536 2701 3574 1.

448 3588 848 3691 ἒεῗιοὲξῗεὴςῗί
859 3588 1102 3691 ζῆᾱξετ)
1119 3588 1222 3679 adel).
1253 3588 1619 3690 gadirssuffzailil
1638 3589 1900 3687 {manag
1923 3586 2345 3687 alnupqukareizsszsicix
2354 3586 2569 3678 {afficti}
2586 3586 2705 3678 {mg}

448 3692 499 3783 lbi)
526 3695 614 3785 suit
637 3712 689 3721 —-
716 3692 949 3796 εἰὶῗοτίτὴιὲη
965 3703 1062 3783 ut’imt
1071 3692 1235 3783 inf-‚5⁹⁷⁰
1253 3694 1376 3783 “me
1395 3700 1519 3794 quass
1530 3691 1859 3782 ρτῖιᾶἆναᾶξααω
1884 3692 2121 3741 reliquerat,
2150 3692 2327 3730 inseruit
2346 3692 2395 3731 T.
2500 3687 2536 3740 ί)
2562 3700 2705 3739 maga·

483 3755 620 3793 urg.
797 3754 1377 3792 arcense‚eorr..
1543 3754 1573 3781 a
1688 3772 1772 3783 ..

451 3849 502 3915 1)
555 3850 856 3917 Dornbqu
907 3848 1167 3915 oppidum
1223 3848 1555 3915 Thun'nyiae
1604 3847 1682 3901 ad
1729 3846 1919 3903 Salam
1967 3848 2147 3901 situm.
2288 3846 2341 3911 2)
2398 3846 2703 3914 Kirchbery

447 3919 728 3974 castellum
739 3932 912 3986 prope
930 3920 1124 3971 Ianam
1145 3933 1293 3971 nunc
1312 3917 1590 3983 dirutum3
1620 3915 1692 3983 cf.
1714 3916 1935 3983 Hirsch,
1956 3915 2237 3970 ‘Heinrich
2254 3916 2362 3969 IL’
2392 3916 2445 3980 Ι,
2459 3916 2563 3971 220
2580 3932 2633 3969 n.
2654 3917 2705 3970 4.

448 3988 628 4043 DOII
645 3988 762 4050 139,
780 3986 882 4041 976
902 3987 1044 4053 Any.
1065 3988 1110 4038 1.
1191 3984 1246 4050 3)
1277 4001 1326 4039 w
1348 3984 1525 4069 poton.
1554 3992 1604 4042 ει
1630 3985 1747 4039 boh.
1774 4006 1842 4031 -·--
1868 3986 1947 4053 in,
1972 3984 2188 4050 krze(w)
2220 3986 2351 4053 pol„
2387 3983 2553 4053 kr'owj
2586 3985 2703 4038 boh.

447 4077 516 4101 =
539 4056 861 4123 frutectum,
905 4055 1049 4110 olsza
1074 4054 1206 4122 pol„
1257 4052 1420 4107 wolse
1456 4054 1575 4109 boh.
1610 4074 1683 4099 -ε
1718 4056 1895 4109 alnus.
2046 4054 2101 4117 4)
2160 4054 2503 4122 Maqdebom
2532 4068 2703 4120 prope

447 4126 733 4191 Roetham„
767 4125 922 4179 haud
947 4124 1147 4191 procul
1179 4140 1217 4176 a
1251 4123 1465 4189 Lipsia.
1527 4123 1688 4179 URS.
1827 4125 1881 4188 5)
1917 4121 2171 4178 Medebor
2204 4122 2481 4191 sianifficat
2512 4122 2704 4192 silvam

449 4194 621 4248 mellis
657 4195 884 4262 plenam
929 4191 1073 4257 (med
1121 4191 1263 4255 boh„
1317 4190 1462 4246 miod
1501 4194 1609 4260 pol.
1646 4212 1715 4235 =
1750 4194 1875 4256 mel,
1936 4192 2034 4247 bor
2066 4212 2135 4235 =
2169 4192 2357 4257 silva);
2411 4189 2706 4244 Medeburu

448 4268 532 4317 est
563 4264 828 4318 locativus
865 4278 1030 4317 casu-3
1065 4258 1389 4316 Sclavonica
1402 4302 1414 4324 ,
1449 4260 1782 4316 Medeburun
1816 4262 1947 4324 (IV,
1982 4262 2040 4325 5)
2076 4262 2188 4315 dat.
2216 4261 2364 4328 plur.
2404 4259 2707 4314 Thiudisca

447 4332 658 4387 ratione
694 4332 823 4385 inde
857 4331 1154 4394 derivatus,
1189 4346 1258 4384 eae
1291 4347 1397 4399 quo
1431 4330 1683 4386 Sermones
1708 4337 2018 4387 nostrorum
2052 4337 2350 4397 temporum
2384 4329 2707 4397 etymoloqia

447 4401 597 4525 υοὲείε
631 4400 771 4454 male
803 4400 1072 4455 intellecta
1097 4398 1358 4465 fecerunt
1389 4398 1737 4469 Magdeborn.
1876 4398 1930 4464 6)
1968 4398 2163 4467 Helsta
2196 4400 2347 4453 vicus
2374 4414 2550 4473 prope
2575 4397 2705 4452 Eie-

449 4472 496 4525 le
532 4486 598 4525 en
633 4470 788 4525 situs.

2736 1193 2757 1216 *
2776 1195 2855 1243 soz.
2877 1194 2929 1233 31
2941 1194 3005 1234 b‘.

2732 3268 2753 3291 *
2774 3269 2903 3358 stt-„³

2908 3271 2984 3319 lc,
3091 3310 3092 3313 ,
