3100 5050
995 424 1400 479 THIETMARI
1437 422 1701 477 CHRON.
1774 425 1913 479 LIB.
1950 424 2058 477 VII
2096 425 2233 488 (VI).
2648 428 2745 481 181

479 577 678 655 venit3
725 584 792 640 et
835 596 951 658 ego
998 576 1384 641 accedebam
1429 584 1511 654 et,
1549 587 1694 641 cum
1734 576 1863 642 iam
1900 582 2152 660 tempus
2188 582 2375 655 esset,
2421 578 2748 643 ammonui
2785 590 2933 643 1012.

480 664 646 725 hunc
701 682 919 725 coram
973 663 1224 726 cunctis
1279 661 1741 739 residentibuS,
1810 668 1881 725 ut
1937 662 2221 744 aliquid⁸
2274 663 2352 726 de
2406 664 2748 744 parrochia

192 768 218 792 ¹·
234 770 322 819 soz.
343 768 449 809 132⁴.
478 748 738 811 meimet
781 748 1179 829 caeterisque
1224 745 1416 811 rebus
1453 747 1691 811 iniuste
1729 745 1967 811 ablatis
2001 756 2151 811 ante
2188 746 2743 817 con*stitucionem

478 832 940 915 archipresulis
985 852 1130 897 cum
1176 853 1252 897 eo
1289 833 1603 904 voluisset
1645 838 1947 899 tractare.
2037 831 2137 895 Ibi
2182 853 2281 895 me
2328 840 2481 899 tunc
2524 832 2747 900 firmae

479 920 712 987 suimet
749 917 899 981 fidei
937 919 1278 992 commisit,
1316 924 1390 982 ut
1423 938 1571 987 cum
1608 918 1869 984 iusticia
1894 923 2013 981 aut
2048 918 2177 981 alio
2208 918 2455 984 salubri
2482 920 2748 983 consilio

245 1022 267 1045 *
286 1024 449 1074 μεεο.
479 1004 637 1068 haec
702 1001 1059 1067 finirentur.
1165 1004 1438 1069 Postera
1492 1002 1599 1070 die
1659 1024 1773 1068 rex
1832 1003 1916 1067 ad
1972 1002 2437 1084 Maga*daburg
2490 1005 2747 1067 veniens
2774 1023 2893 1072 Sept.
2914 1025 2980 1064 22.

473 1090 538 1153 in
587 1087 928 1152 refectorio
966 1089 1240 1155 fratrum
1277 1109 1498 1154 omnes
1534 1108 1652 1153 nos
1689 1088 2023 1152 convenire
2058 1090 2367 1176 precepit.
2460 1088 2557 1151 Ibi
2596 1098 2749 1153 tunc

474 1174 679 1255 regali
759 1173 1080 1259 peticione
1163 1172 1278 1261 [et]
1367 1173 1546 1239 salva
1625 1174 1689 1236 in
1772 1180 2099 1255 posterum
2184 1174 2489 1239 electione
2582 1176 2747 1239 Gero

476 1262 899 1326 communiter
933 1260 1219 1341 eligitur;
1257 1265 1324 1323 et
1357 1260 1424 1331 in
1459 1259 1777 1329 aecclesia
1815 1280 1884 1331 se
1926 1260 2227 1341 primitus
2261 1259 2455 1323 altari
2484 1260 2747 1323 tradens

476 1352 542 1409 et
597 1345 1108 1417 communionem
1174 1345 1452 1409 fratrum
1510 1344 1571 1407 X
1624 1345 1869 1409 mansis
1920 1346 2299 1427 acquirensb
2351 1345 2653 1410 baculum
2709 1368 2749 1407 a

476 1450 628 1511 rege
701 1431 952 1510 accepit
1020 1430 1450 1513 pastoralem3
1525 1436 1591 1493 et
1662 1450 1811 1499 mox
1880 1429 2353 1501 inthronizatus
2438 1430 2519 1495 ab
2585 1431 2747 1501 Eido

478 1520 712 1581 unctus
783 1524 882 1583 est
951 1516 1280 1599 episcopo,
1367 1514 1558 1579 nobis
1638 1514 2073 1588 confratribus
2152 1515 2461 1596 predictis
2545 1513 2743 1603 [eum]

477 1600 950 1667 adiuvantibus
1069 1600 1476 1665 Thebeorum
1537 1600 1855 1665 festivitas
1919 1608 2274 1683 martyrum
2338 1624 2378 1663 a
2444 1622 2593 1683 rege
2655 1602 2748 1669 ibi
2774 1620 2893 1669 Sept.
2914 1623 2984 1661 22.

476 1686 728 1752 celebre
788 1687 1072 1765 ducitur,
1147 1692 1212 1753 et
1271 1691 1419 1769 post
1479 1686 1637 1751 haec
1698 1685 1782 1749 ab
1842 1686 2327 1770 archiepiscopo
2390 1686 2748 1768 magnificis

478 1772 850 1838 muneribus
893 1772 1062 1837 idem
1110 1793 1256 1839 cum
1302 1772 1436 1839 suis
1483 1770 1777 1835 omnibus
1814 1771 2188 1841 honoratur.
2281 1772 2433 1845 Inde
2476 1770 2622 1859 [hii]
2662 1773 2746 1837 ad

477 1857 855 1940 Mersburge
906 1863 1328 1940 properantes
1374 1856 1487 1929 diu
1546 1856 1635 1921 ibi
1682 1856 2072 1929 manebantl
2117 1866 2183 1922 et
2224 1860 2743 1941 procurationem

477 1944 655 2025 regni
703 1943 888 2007 eumd
933 1945 1202 2008 summis
1246 1942 1671 2010 tractabant0.

651 2030 751 2091 22.
825 2027 1189 2092 Erlwinus2
1248 2027 1765 2097 camaracensisf
1815 2028 2200 2112 episcopus3
2260 2030 2329 2093 in
2390 2029 2512 2093 hoc
2576 2050 2743 2095 anno
2763 2048 3049 2096 Annonem.

477 2134 551 2177 ac
609 2111 987 2180 Conradus⁴¹
1041 2120 1107 2177 et
1159 2113 1595 2184 Herimannus
1646 2114 1851 2195 puer-‘2
1912 2112 2109 2179 duces
2164 2116 2362 2197 egi-eii
2426 2115 2744 2181 obierunt.

478 2198 754 2276 Quidam
814 2220 960 2262 vero
1013 2198 1365 2267 monachus
1425 2199 1801 2266 infirmitate
1854 2221 2091 2282 magna
2140 2200 2488 2280 depressus
2544 2201 2749 2264 multa

476 2305 594 2367 per
647 2285 848 2350 visum
915 2283 1040 2351 sibi
1103 2286 1386 2353 revelata
1439 2285 1627 2363 vidit,
1690 2306 1857 2368 quae
1920 2286 2207 2363 interim,
2270 2286 2421 2349 dum
2478 2286 2614 2367 ipse
2670 2308 2749 2349 ea

477 2390 692 2436 seeum
746 2370 1060 2452 loquitur,
1126 2392 1167 2435 a
1219 2371 1629 2453 presentibus
1678 2373 1935 2452 scriptis
1987 2378 2253 2438 notata⁸
2308 2378 2460 2441 sunt
2514 2378 2578 2435 et
2628 2392 2746 2453 pro

477 2457 756 2521 maximo
801 2454 1124 2523 habentur
1168 2458 1502 2521 miraculo.
1595 2454 1746 2521 Nati
1790 2464 1942 2519 sunt
1986 2462 2207 2531 autem
2252 2457 2319 2525 in
2354 2455 2481 2519 hiis
2519 2456 2747 2521 diebus

476 2541 602 2608 duo
664 2543 902 2610 fratres
965 2564 1111 2606 cum
1177 2542 1503 2615 dentibus,
1568 2543 1636 2605 in
1700 2562 1813 2606 ore
1876 2543 2118 2606 similes
2180 2563 2407 2616 aucae,
2473 2563 2746 2625 quorum

473 2628 640 2694 alter
695 2628 908 2698 dextri
965 2626 1308 2695 dimidium
1365 2627 1645 2703 brachii,
1706 2629 1877 2692 sicut
1930 2628 2036 2692 ala
2090 2648 2317 2704 aucae,
2381 2625 2745 2714 [habebat];

202 2732 332 2781 wat.
352 2734 446 2774 183.
474 2715 587 2795 qui
639 2715 844 2777 tercia
898 2714 1002 2778 die
1067 2715 1428 2778 nativitatis
1485 2733 1641 2777 suae
1695 2713 1965 2776 invicem
2026 2712 2311 2777 ridentes
2362 2711 2569 2781 *civili
2624 2714 2747 2776 dis-

473 2799 768 2866 sensione
811 2799 1235 2866 moriunturss.
1329 2797 1604 2877 Quidam
1650 2819 1798 2862 vero
1844 2799 2057 2877 mileS,
2116 2819 2260 2865 cum
2317 2799 2484 2865 bona
2539 2799 2744 2862 sancti

472 2881 819 2948 Clementis
856 2885 916 2948 vi
961 2885 1217 2949 tolleret
1263 2891 1329 2948 et
1373 2884 1522 2948 inde
1567 2893 1817 2948 rectum
1867 2885 2081 2950 facere
2120 2885 2450 2960 noluisset,
2512 2885 2577 2947 in
2615 2905 2745 2953 una

473 2966 722 3034 dierum
777 2989 817 3030 a
860 2970 1152 3039 muribus
1199 2971 1372 3037 intra
1417 2969 1785 3038 cubiculum
1840 2970 2235 3052 inpugnatur
2286 2968 2743 3040 ineffabilibus.

471 3051 597 3128 Qui
651 3053 856 3133 primo
909 3053 1082 3120 fuste
1135 3062 1395 3135 arrepto
1458 3076 1571 3120 eos
1626 3053 1966 3137 prohibere
2018 3061 2341 3138 temptans
2396 3061 2745 3137 posteaque
2788 3123 2793 3128 ,

470 3139 808 3220 evaginato
864 3160 972 3203 eos
1026 3160 1365 3222 aggressus
1429 3141 1645 3222 gladio
1708 3147 1773 3204 et
1830 3139 1976 3226 [sic]
2044 3141 2134 3204 nil
2187 3139 2529 3224 proficiens
2592 3163 2746 3206 arca

469 3223 778 3304 quadam,
842 3231 914 3290 ut
975 3224 1112 3307 ipse
1172 3226 1446 3306 rogavit,
1517 3225 1899 3305 includitur,
1972 3247 2049 3289 ac
2115 3227 2181 3290 in
2245 3225 2527 3290 medium
2591 3225 2743 3291 fune

467 3308 910 3390 suspenditur;
969 3321 1036 3376 et
1070 3330 1214 3374 cum
1253 3312 1534 3380 exterius
1581 3311 1742 3376 haec
1780 3312 1971 3394 plaga
2008 3313 2263 3377 sedaret
2306 3311 2538 3394 hicque
2580 3312 2744 3376 liber

465 3393 626 3460 solvi
664 3394 1010 3474 debuisset,
1049 3395 1133 3459 ab
1159 3395 1350 3460 aliish
1377 3417 1581 3478 usque
1610 3396 1692 3460 ad
1723 3411 1994 3466 mortem
2026 3418 2327 3464 corrosus
2354 3399 2679 3463 invenitur
2694 3397 2742 3465 ⁷.

464 3547 508 3594 n)
537 3546 664 3596 auqit
684 3550 722 3587 1.
805 3546 853 3598 b)
879 3549 1112 3598 nequii-ans
1136 3549 1178 3598 Ο,
1198 3550 1460 3598 nequii-aens
1477 3560 1587 3590 corr.
1609 3551 1657 3590 T.
1740 3549 1783 3600 c)
1810 3551 1839 3590 b
1858 3552 2041 3590 excitum
2060 3554 2099 3591 1.
2181 3551 2229 3600 d)
2257 3553 2317 3590 ita
2336 3551 2389 3591 A.
2413 3553 2474 3600 S„
2500 3553 2744 3592 vocabulum

460 3599 852 3702 ῧσῖζῗεσηὲεεὶἐηὶ.
872 3599 927 3691 2),-
941 3603 1036 3649 poet
1050 3601 1156 3641 haec
1173 3612 1297 3640 erasa
1314 3604 1412 3640 sum
1432 3603 1478 3640 in
1497 3603 1546 3640 1.-
1572 3602 1734 3642 dehinc
1751 3602 1807 3640 ad
1825 3603 1917 3641 occ.
2026 3603 2063 3652 f)
2091 3613 2140 3641 η
2158 3604 2341 3642 excisum
2361 3606 2402 3642 1.
2508 3602 2555 3653 g)
2576 3608 2686 3642 ‘nota
2704 3609 2739 3643 1.

461 3754 730 3809 dmheim
777 3755 964 3820 eitum,
1015 3756 1082 3808 de
1127 3771 1232 3822 quo
1286 3756 1492 3810 Hirsch
1539 3755 1807 3816 (vam-b)
1844 3759 1934 3822 II,
1984 3757 2113 3816 337)
2158 3758 2436 3825 cogitavit,
2482 3759 2583 3812 hoc
2628 3759 2741 3812 loco

459 3824 578 3876 dici
615 3840 726 3878 non
761 3829 970 3890 potest,
1015 3825 1272 3892 quoniam
1308 3840 1487 3892 regem
1529 3827 1746 3891 postera
1780 3824 1870 3878 die
1918 3826 2265 3894 Maqdebury
2310 3829 2521 3880 venisse
2560 3827 2739 3886 ssiat-

459 3908 649 3945 marus
709 3897 924 3945 narrat.
1105 3890 1156 3957 1)
1230 3891 1438 3946 Charta
1494 3900 1623 3947 teste
1680 3894 1943 3960 (Stumpf
2001 3896 2164 3958 1565)
2223 3895 2339 3948 Oct.
2393 3896 2457 3948 17
2514 3910 2612 3948 rex
2666 3896 2746 3948 ibi

458 3967 702 4014 moratus
738 3966 832 4014 est.
991 3960 1044 4024 2)
1092 3961 1308 4014 Abhinc
1342 3977 1512 4030 usque
1549 3962 1628 4016 ad
1658 3962 1823 4026 finem
1870 3963 1999 4016 libri
2031 3963 2379 4027 Tkietmarue
2415 3963 2733 4019 Annalibus

460 4029 1050 4096 Quodlinbwyensibus
1077 4045 1213 4082 usus
1242 4030 1347 4093 θείς
1380 4046 1428 4083 v.
1449 4032 1852 4098 praefationem
1880 4038 1932 4085 et
1958 4031 2162 4084 ‘Neues
2193 4033 2417 4086 Archiv’
2452 4031 2606 4089 XIV
2632 4033 2665 4085 l.
2697 4048 2739 4085 c.

457 4098 634 4164 Atqu-e
677 4097 778 4151 hoc
820 4098 1037 4165 quidem
1086 4103 1257 4164 caput
1299 4103 1468 4150 totum
1511 4114 1578 4151 ex
1614 4099 1930 4152 Annalibus
1974 4106 2253 4165 sumptum
2298 4107 2393 4152 est.
2534 4100 2588 4162 3)
2628 4101 2744 4163 Qui

453 4165 596 4218 sedit
620 4166 948 4220 995—1012.
1052 4166 1108 4231 4)
1148 4165 1454 4220 Konradus
1479 4169 1529 4220 Ι.
1563 4167 1777 4221 Ottonis
1804 4167 1973 4233 filius,
2013 4168 2330 4224 Carmaniae
2367 4175 2420 4222 et
2454 4169 2737 4223 Fran-ciac

453 4234 802 4288 occidentalis
837 4233 1312 4296 (Wormatiensis)
1361 4236 1481 4290 dua>
1534 4237 1915 4290 1004—1012.
2076 4236 2130 4301 5)
2184 4237 2567 4290 Hei-iniamus
2614 4239 2737 4292 III.

454 4301 816 4377 fllemavmiae
854 4302 970 4356 duco
1007 4303 1368 4368 1003-1012,
1395 4303 1552 4371 filius
1591 4303 1929 4359 Herimanni
1957 4306 2044 4357 ΙΙ.
2186 4307 2238 4365 6)
2286 4307 2495 4360 Melius
2533 4307 2740 4361 dicitur

454 4384 513 4420 m
559 4371 891 4424 annalibus.-
947 4369 1088 4435 Quos
1133 4371 1284 4425 civili
1330 4372 1566 4439 contigit
1610 4387 1863 4426 consensu
1915 4372 2067 4434 mori,
2115 4373 2242 4440 quia
2288 4390 2373 4427 eos
2421 4373 2514 4428 diu
2558 4375 2737 4428 vivere

453 4437 571 4488 erat
598 4437 844 4490 omnibus
872 4439 1052 4494 timor.
1161 4439 1214 4505 7)
1255 4436 1339 4506 Cf.
1361 4439 1614 4495 Chronic.
1634 4441 1972 4495 Ebersheim.
2002 4456 2043 4494 c.
2074 4443 2137 4495 21
2175 4442 2299 4501 (SS.
2322 4444 2564 4508 XXIII,
2592 4445 2737 4506 442).
