3100 5050
1014 437 1424 495 THIETMARI
1460 436 1723 493 CHRON.
1794 438 1933 493 LIB.
1968 440 2065 493 VI.
2563 440 2665 495 137

401 596 660 661 firmata
699 594 960 677 recepit.
1049 592 1204 656 Post
1243 590 1403 655 haec
1439 590 1705 671 Papiam
1753 590 2021 655 visitans
2065 590 2289 655 urbem
2334 591 2418 656 ab
2454 591 2659 656 archi·
2701 606 2851 663 1004.

403 680 692 745 antistite
736 679 858 744 hoc
904 684 968 743 et
1012 698 1054 741 a
1095 676 1323 760 primis
1378 674 1556 739 illius
1608 675 1890 757 regionis
1950 682 2291 759 succeptus
2352 697 2497 741 cum
2550 676 2664 742 ad-

403 764 685 831 mirabili
739 763 932 847 laude
991 761 1076 826 ad
1127 760 1470 826 aeclesiam
1537 760 1801 825 ducitur
1861 765 1925 824 et
1977 762 2299 826 communi
2352 762 2666 827 electione

403 850 787 915 sublimatus
833 850 899 913 in
944 846 1175 912 solium
1221 846 1437 927 regale
1481 845 1835 909 collocatur
1850 844 1895 910 ¹.
2690 869 2800 921 (και
2828 868 2915 922 15).

573 936 634 1001 7.
683 934 802 1017 (6.)
871 932 1244 1013 Eademque
1287 930 1391 995 die
1431 931 1774 1009 revelatur,
1819 950 1949 1013 qua
1986 930 2423 996 mutabilitate
2461 931 2665 997 totius

401 1019 626 1084 mundi
682 1020 876 1083 huius
931 1016 1256 1082 instabilis
1315 1036 1542 1079 cursus
1600 1015 1667 1078 in
1720 1035 1995 1098 pronum
2048 1036 2301 1097 semper
2351 1016 2660 1082 volvatur.

1 1161 3 1168 .
400 1104 696 1188 Namque
753 1104 922 1168 inter
979 1109 1080 1166 tot
1134 1099 1372 1183 gaudia
1428 1099 1642 1165 subito
1700 1101 1933 1165 insevit
1986 1100 2249 1166 inimica
2300 1102 2481 1184 pacis
2532 1102 2664 1166 dis-

85 1232 94 1239 ·
131 1211 154 1235 t
173 1213 256 1262 soz.
277 1213 370 1253 100.
398 1190 620 1255 cordia
663 1189 765 1253 *et
805 1208 848 1251 a
892 1184 1216 1269 superflua
1264 1184 1394 1250 vini
1448 1184 1763 1249 ebrietate
1799 1184 1879 1249 de
1916 1185 2029 1249 vili
2066 1205 2264 1251 causa
2298 1188 2665 1268 interrupta

399 1282 499 1340 est
541 1272 1000 1339 miserabiliter
1045 1270 1194 1335 fidei
1238 1271 1550 1335 connexio
1596 1276 1661 1335 et
1704 1271 2111 1337 sacramenti.
2202 1271 2513 1336 Concives
2548 1271 2663 1335 ad-

398 1379 622 1424 versus
678 1359 928 1424 noviter
983 1356 1257 1422 electum
1314 1376 1530 1437 regem
1585 1361 1949 1435 armantur,
2008 1356 2092 1419 ad
2145 1355 2464 1439 palatium
2518 1377 2663 1440 pro-

397 1450 648 1526 perant,
695 1449 761 1509 et
804 1442 1081 1506 maxime
1112 1441 1225 1520 hii,
1273 1440 1505 1524 quibus
1540 1441 1643 1504 ius
1682 1440 1968 1505 Heinrici
2003 1440 2404 1523 displicebat,
2450 1440 2662 1506 Hard-

399 1530 547 1613 wigi
599 1534 815 1594 autem
867 1527 1180 1592 relaxatio
1235 1524 1575 1592 mulcebat.
1672 1525 1933 1590 Clamor
1985 1531 2057 1590 ut
2100 1547 2141 1589 a
2184 1547 2331 1609 rege
2377 1527 2660 1606 auditur,

399 1620 466 1680 et
508 1613 662 1697 quid
706 1614 831 1679 hoc
874 1619 1061 1691 esset,
1109 1611 1434 1695 explorari
1479 1612 1718 1675 eicius⁸
1761 1611 1842 1676 ab
1882 1631 1957 1675 eo
1991 1610 2269 1678 iubetur.
2362 1610 2482 1679 Cui
2515 1632 2661 1695 pro-

397 1700 572 1765 tinus
616 1698 1063 1781 respondetur,
1107 1696 1431 1780 plebeiosb
1475 1695 1692 1760 furore
1737 1695 2073 1760 subitaneo
2118 1695 2554 1762 inflammatos
2598 1698 2665 1762 et

399 1784 649 1851 servili⁰
691 1783 1170 1869 presumptione
1215 1782 1559 1859 animatos,
1612 1780 1782 1845 hanc
1827 1782 2318 1847 commotionem
2364 1783 2663 1867 primitus

396 1870 741 1954 incepisse;
787 1875 1076 1934 caeteros
1120 1887 1372 1950 quoque
1418 1885 1639 1931 omnes
1682 1867 1751 1930 in
1790 1865 2246 1931 detrimentum
2283 1870 2384 1932 sui
2418 1868 2517 1933 vel
2553 1867 2661 1932 de-

397 1954 593 2020 decus
639 1954 1026 2019 convenisse.
1124 1951 1297 2028 Quos
1349 1952 1481 2015 iam
1535 1952 1967 2035 irrumpentes
2012 1952 2422 2030 floribertus,
2478 1953 2661 2037 Agri-

395 2040 632 2123 pinae*
677 2038 967 2118 provisor
1026 2036 1350 2119 egregius,
1421 2035 1649 2101 sedare
1704 2043 2003 2116 conatus,
2084 2036 2164 2101 de
2234 2038 2520 2102 fenestra
2588 2043 2664 2102 ut

397 2143 663 2189 causam
707 2128 928 2186 tantae
971 2121 1327 2186 invasionis
1370 2121 1657 2203 inquirit,
1704 2121 1993 2205 lapidum
2037 2122 2242 2188 imbre
2285 2130 2351 2188 et
2394 2124 2660 2205 sagitta-

395 2228 542 2272 rum
609 2206 933 2271 infusione
1008 2206 1382 2272 retruditur.
1507 2207 1832 2273 Palatium
1910 2213 2129 2273 autem
2202 2207 2286 2272 ab
2363 2208 2660 2272 hostibus

396 2292 679 2376 graviter
720 2292 1196 2375 impugnatum,
1250 2313 1292 2356 a
1334 2290 1747 2357 domesticisd
1786 2294 1958 2375 regis
2002 2291 2193 2357 facile
2245 2290 2661 2357 numerandis

396 2383 497 2442 est
550 2376 822 2442 viriliter
877 2377 1229 2444 defensum.
1337 2376 1577 2441 Divisis
1635 2378 1871 2443 etenim
1927 2378 1993 2441 in
2052 2377 2243 2458 plura
2296 2376 2661 2443 necessaria

395 2463 636 2530 nostris
694 2462 901 2528 maior
944 2464 1038 2528 vis
1080 2461 1362 2528 excrevit
1394 2462 1693 2530 inimicis.
1781 2461 2064 2527 Tandem
2102 2462 2322 2529 audito
2358 2462 2660 2528 clamoris

393 2548 690 2614 immensi
734 2549 1008 2632 strepitu
1052 2548 1256 2613 nostri
1300 2549 1611 2631 gregatim
1660 2546 1743 2613 ad
1786 2569 2000 2631 regem
2028 2555 2381 2631 properant
2414 2549 2661 2613 hostes-

394 2655 520 2718 que
581 2633 792 2699 adhuc
853 2634 1249 2699 insanientes
1307 2633 1641 2716 paululum
1696 2633 2059 2717 expellunt3
2120 2632 2233 2698 sed
2285 2634 2659 2698 imminente

392 2721 525 2784 iam
584 2726 771 2784 nocte
827 2720 1081 2803 sagittis
1135 2725 1331 2802 atque
1382 2717 1709 2800 lapidibus
1762 2718 1967 2783 obviis
2018 2718 2381 2784 tardantur.
2480 2718 2658 2795 Quae

393 2803 478 2869 ad
522 2804 921 2886 providenda
965 2804 1147 2870 urbis
1190 2809 1344 2869 tunc
1388 2802 1742 2869 incendunt
1783 2803 2057 2871 moenia.

3 2960 20 2966 y,
107 2907 131 2931 ²·
152 2909 237 2959 sot.
260 2910 367 2950 100¹.
566 2891 626 2956 8.
698 2888 920 2954 Nostri
965 2896 1212 2968 autem,
1310 2888 1380 2953 ui
1431 2888 1593 2954 foris
1646 2895 1857 2968 erant,
1919 2888 2099 2954 urbis
2151 2887 2660 2972 propug*nacula

394 2972 654 3038 fortiter
708 2973 1091 3054 ascendunt,
1161 2910 1394 3058 quibus
1453 2975 1542 3038 hii
1602 2974 1695 3038 sic
1752 2974 1984 3039 melius
2043 2973 2446 3039 resistebant.
2558 2973 2662 3038 Ibi

392 3064 530 3123 tum
576 3058 838 3142 quidam
884 3060 1172 3143 egreius0
1214 3059 1481 3135 iuveniS,
1538 3059 1927 3125 Gisilbertus
1970 3060 2256 3138 nomine,
2310 3062 2515 3124 frater
2557 3078 2659 3122 re-

392 3143 607 3226 ginae,
679 3164 719 3207 a
775 3143 1217 3226 Longobardis
1268 3146 1642 3210 vulneratus
1696 3143 2020 3229 oppeciit²
2090 3150 2155 3209 et
2218 3144 2658 3209 consociorum

391 3227 735 3293 tristiciam
795 3228 1203 3294 vehementer
1262 3228 1548 3295 adauxit.
1670 3230 1873 3308 Quem
1938 3230 2269 3296 Vulferam
2330 3229 2517 3294 miles
2590 3230 2660 3293 in

392 3312 675 3378 medium
721 3334 949 3397 agmen
991 3314 1336 3398 prosiliens
1381 3335 1710 3398 unumque
1754 3335 1832 3380 ex
1877 3316 1976 3380 his
2017 3336 2134 3398 per
2169 3315 2417 3398 galeam
2456 3334 2660 3397 usque

390 3399 461 3462 in
505 3399 794 3482 iugulum
840 3398 1076 3464 feriens
1123 3419 1386 3465 securus
1429 3399 1800 3465 vindicavit.
1895 3401 2000 3466 Sic
2046 3399 2433 3466 alternando
2481 3400 2659 3482 quie-

392 3489 523 3548 tem
567 3484 816 3548 cunctis
858 3485 1136 3550 amicam
1179 3483 1356 3572 [belli
1402 3483 1814 3572 aJsperitatef
1855 3485 2216 3553 mutabant.
2301 3483 2660 3549 Nonnullos

392 3590 470 3634 ex
507 3566 821 3647 hostibus,
869 3590 1032 3653 quos
1068 3571 1128 3634 vi
1161 3569 1503 3654 capiebant
1536 3571 1763 3648 nostri,
1802 3571 1975 3636 vivos
2010 3573 2147 3653 regi
2183 3568 2658 3655 presentabant.

392 3651 647 3740 Subi[to
693 3651 959 3740 ibinem
1003 3676 1136 3719 una
1179 3654 1426 3735 domuS,
1483 3676 1651 3738 quae
1696 3662 1949 3720 nostros
1994 3654 2299 3722 tuebatur
2341 3654 2659 3736 defatiga-

156 3755 178 3779 *
203 3744 509 3816 v·80·1·t08,
557 3761 598 3804 a
633 3739 1072 3822 Longobardis
1107 3740 1371 3806 incensa
1405 3741 1557 3816 ruit,
1604 3746 1677 3806 at
1710 3761 1818 3806 eos
1853 3740 2033 3806 nulla
2070 3742 2207 3823 spei
2244 3738 2659 3805 certi*tudine

388 3824 631 3907 potitos
701 3823 1049 3890 alacriores
1123 3824 1291 3890 bello
1361 3824 1663 3893 reddidit.
1781 3825 2046 3891 Interim
2110 3825 2449 3891 Alemanni
2512 3845 2659 3889 cum

508 3959 565 4026 ²¹⁸)
601 3960 742 4015 sedis
777 3961 907 4017 add.
935 3963 986 4016 2.

389 4076 435 4128 a)
460 4078 684 4136 explogtcl
702 4078 799 4118 eius
821 4080 874 4128 A,
891 4091 1000 4120 corr.
1022 4081 1071 4120 T.
1160 4078 1207 4130 b)
1230 4080 1402 4128 plebios
1422 4082 1460 4120 1.
1549 4078 1592 4130 c)
1619 4081 1785 4121 seruile
1802 4083 1855 4122 A.
1950 4079 1997 4131 d)
2022 4079 2233 4120 dementis
2250 4082 2290 4119 1.
2381 4079 2424 4128 e)
2451 4079 2600 4126 egrius
2621 4081 2657 4119 1.

391 4129 429 4180 f>
464 4129 612 4178 quiete
637 4130 746 4170 belli
771 4131 917 4170 cuntis
942 4130 1087 4170 amicti
1103 4141 1131 4170 a
1157 4150 1210 4160 —
1235 4132 1446 4180 speritate
1471 4133 1519 4171 in
1545 4132 1714 4172 duabus
1740 4133 1863 4172 linei·
1887 4132 1949 4188 A3
1978 4133 2169 4182 quietem
2196 4131 2369 4170 cunctis
2394 4131 2581 4170 amicam
2606 4151 2660 4162 --

390 4179 504 4220 belli
529 4182 768 4231 asperitate
795 4193 904 4222 corr.
928 4183 984 4232 Τς
1025 4183 1180 4222 Marus
1206 4183 1247 4231 2,
1273 4182 1430 4231 praelii
1457 4182 1510 4222 A.
1531 4182 1579 4222 S.

392 4281 444 4343 1)
493 4283 554 4335 V.
583 4281 820 4339 ‘Jahrb.’
856 4288 908 4348 Ι,
944 4285 1064 4341 306.
1202 4285 1256 4348 2)
1293 4284 1510 4341 Scilicet
1543 4286 1638 4338 illo
1674 4286 1763 4340 die
1796 4287 2116 4342 vulneratus
2150 4287 2280 4341 Mai
2314 4288 2379 4341 18
2412 4291 2660 4341 mortuus

390 4353 1036 4483 gadgegssffhlfferseb.
1083 4354 1211 4409 XV.
1239 4353 1370 4409 Kal.
1398 4355 1528 4408 Iun.
1546 4373 1565 4406 .-
1623 4351 1949 4408 Gisilbertus
1995 4354 2166 4409 frater
2200 4355 2425 4423 reginae
2460 4352 2658 4408 Chuni·
