3100 5050
438 365 541 422 238
924 363 1329 418 THIETMARI
1364 362 1625 419 CHRON.
1696 364 1834 420 LIB.
1869 365 2006 418 VIII
2043 365 2212 430 (VII).

254 529 404 584 1017.
442 515 617 583 baldi
669 516 946 597 presulis
999 516 1438 582 mansionibus
1490 538 1570 582 ac
1620 537 1765 582 cum
1803 516 2020 601 Ilburg
2069 516 2390 583 Thiedrici
2434 517 2688 582 comitis

437 603 597 668 urbe
676 623 831 668 casu
900 601 1234 667 accidente
1301 602 1636 669 combusta
1703 610 1818 670 est.
1945 601 2285 688 Inperator
2361 609 2579 668 autem
2646 623 2689 668 a

438 687 849 772 Bavanberg⁸
916 687 1249 754 discedens
1320 689 1406 754 ad
1465 689 1830 773 Wirciburg
1898 690 2104 773 primo
2181 687 2542 772 deindeque
2602 688 2688 754 ad

213 793 324 834 noo.
343 795 410 839 ετ».
436 772 1052 840 Froncannawordib
1130 774 1303 839 venit
1378 773 1742 859 ibidemque
1824 775 2226 840 nativitatem
2298 772 2688 839 dominicam

436 859 685 925 festivis
736 859 985 943 peregit
1036 859 1309 941 gaudiis.
1398 860 1525 926 Sed
1577 883 1658 926 ne
1709 860 1901 926 huius
1957 861 2236 925 nominis
2291 861 2686 925 auctoritas⁰

432 952 498 1011 te
544 945 851 1010 lectorem
894 945 1175 1030 amplius
1218 946 1438 1020 lateat,
1484 947 1654 1012 sicut
1695 968 1736 1011 a
1781 945 2199 1012 credibilibus
2243 945 2397 1011 viris
2447 945 2683 1025 audivi,

435 1033 531 1097 sic
556 1030 951 1096 adnunciare
978 1032 1165 1115 cupio
1190 1031 1332 1097 tibi.
1395 1032 1487 1098 Re
1530 1039 1725 1098 nante
1751 1031 1992 1098 Karolo
2032 1033 2419 1115 imperatore
2453 1051 2686 1114 magno

433 1117 689 1202 Pippini
751 1119 922 1201 regis
981 1116 1117 1182 filio
1188 1115 1424 1184 bellum
1530 1124 1559 1183 t
1630 1119 1799 1184 inter
1858 1138 2008 1183 suos
2079 1125 2143 1182 et
2201 1116 2684 1200 predecessores

431 1212 703 1280 nostroe,
736 1204 804 1267 in
835 1224 961 1286 quo
992 1203 1339 1268 certamine
1372 1203 1603 1269 Franci
1634 1225 1674 1269 a
1703 1204 1937 1270 nostris
1972 1203 2224 1282 devicti,
2269 1223 2411 1268 cum
2447 1201 2686 1268 flumen

433 1289 607 1355 Moin
662 1289 908 1355 dictum
962 1290 1101 1355 sine
1152 1289 1373 1374 aliqua
1420 1290 1571 1355 vadi
1623 1287 2014 1354 certitudine
2063 1289 2358 1374 palantes
2410 1289 2685 1354 transire

433 1383 831 1460 cogerentur,
878 1395 1129 1440 cervam
1175 1374 1620 1458 precedentem
1664 1381 1732 1440 et
1775 1373 1993 1440 divina
2035 1375 2454 1440 miseracione
2497 1376 2684 1458 quasi

433 1462 598 1526 viam
642 1461 736 1527 eis
781 1460 1327 1527 demonstrantem
1372 1460 1748 1544 subsequuti
1803 1461 2012 1544 optati
2061 1461 2304 1526 littoris
2337 1461 2684 1528 securitate

432 1548 775 1631 pociuntur
816 1547 989 1614 laeti.
1081 1546 1235 1612 Inde
1270 1547 1451 1614 locus
1485 1546 1594 1612 hic
1631 1547 2021 1612 Francorum
2055 1546 2268 1612 dictus
2299 1552 2398 1612 est
2433 1545 2681 1614 vadum.

433 1633 511 1697 In
554 1633 668 1698 illa
708 1632 1122 1716 expedicione
1164 1633 1496 1718 predictus
1540 1653 1740 1712 cesar,
1785 1653 1932 1697 cum
1976 1653 2045 1698 se
2089 1633 2218 1696 iam
2262 1633 2344 1698 ab
2389 1631 2681 1698 hostibus

433 1725 811 1802 superatum
864 1740 1003 1784 esse
1055 1725 1491 1802 cognosceret,
1550 1719 1863 1803 precessit
1913 1719 2076 1784 talia
2127 1717 2331 1786 fatus:
2421 1717 2678 1783 ‘Karius

435 1805 590 1869 mibi
636 1810 760 1883 est,
826 1811 899 1870 ut
948 1805 1170 1888 populi
1223 1805 1686 1889 exprobrantes
1746 1802 2002 1870 *dicant
2062 1825 2162 1869 me
2213 1803 2367 1868 hinc
2417 1803 2678 1888 fugisse,
2707 1824 2730 1848 *
2746 1826 2843 1876 soz.
2869 1829 2980 1869 176.

434 1909 628 1971 quam
671 1888 778 1954 hic
822 1889 1155 1970 cecidisse3
1203 1892 1376 1972 quia,
1421 1891 1572 1955 dum
1614 1891 1773 1969 vivo,
1827 1891 2106 1955 iniuriae
2147 1889 2397 1974 pondus
2440 1889 2678 1956 inlatae
2817 1935 2826 1940 -

432 1974 901 2041 vindicaturum
932 1997 1034 2040 me
1062 1978 1290 2061 spero.'
1355 1977 1613 2042 ‘'Anno‘¹
1639 1975 1995 2042 dominicae
2023 1977 2268 2041 incarn.
2302 1974 2514 2041 DCCC
2541 2024 2558 2041 .
2582 2026 2597 2041 .
2621 1987 2676 2040 ,θ
2705 1995 2726 2017 *
2756 2007 2884 2038 mm.
2910 2001 2974 2040 T.

432 2061 760 2145 predictus
802 2064 1029 2126 cesar*
1078 2062 1165 2126 ad
1218 2083 1372 2128 suae
1425 2063 1686 2128 virtutis
1741 2068 1806 2127 et
1856 2061 2063 2128 bonae
2117 2061 2518 2145 operacionis
2571 2061 2676 2126 de-

432 2148 843 2212 auracionem
893 2148 961 2212 in
1007 2168 1136 2212 una
1176 2147 1283 2213 die
1329 2147 1482 2213 VIII
1524 2149 1933 2233 episcopatus
1983 2148 2051 2212 in
2099 2146 2380 2212 Saxonia
2423 2146 2677 2212 Christo

433 2233 691 2300 subdita
730 2232 1059 2318 dispositis
1102 2234 1533 2317 singularibus
1578 2233 1953 2316 parrochiis,
1997 2233 2333 2299 constituit
2358 2233 2397 2276 ¹·
2414 2236 2506 2297 **.

604 2322 705 2386 76.
752 2318 913 2404 (54.)
977 2321 1263 2399 Quatuor
1313 2340 1507 2385 naves
1549 2320 1944 2385 Venetorum
2001 2339 2228 2402 magne
2282 2319 2677 2404 diversisque

430 2405 775 2489 pigmentis
831 2405 1069 2471 referte
1122 2405 1531 2489 naufragium
1590 2412 1740 2471 sunt
1797 2406 1884 2494 [in
1940 2404 2230 2490 predicto
2287 2404 2480 2492 anno]
2534 2426 2676 2490 per·

432 2512 677 2576 pessae.
766 2491 876 2572 Et,
948 2498 1019 2558 ut
1073 2491 1393 2577 predixi2,
1460 2493 1528 2557 in
1585 2492 1870 2559 occiduis
1924 2491 2220 2576 partibus
2277 2510 2427 2558 raro
2485 2497 2677 2556 antea

430 2577 916 2661 quiescentibus
960 2579 1256 2661 pacifica,
1328 2579 1461 2643 Deo
1506 2580 1775 2663 gratias!
1829 2578 2177 2645 manebant
2229 2578 2504 2645 cunctas.
2589 2577 2676 2641 Et

429 2662 847 2731 Ekkihardus
908 2665 1230 2731 confrater
1282 2686 1489 2743 meus,
1557 2667 1765 2731 sancti
1809 2664 2113 2730 Iohannis
2165 2665 2491 2749 baptistae
2542 2683 2675 2727 mo-

542 2819 597 2885 *)
633 2820 861 2875 Karolus
897 2823 1025 2877 add.
1057 2824 1121 2878 V.

507 2906 600 2973 **)
639 2907 819 2962 Codes:
844 2910 877 2963 2
912 2908 1010 2976 (cf.
1045 2925 1217 2975 supra
1249 2909 1421 2989 VIII,
1454 2910 1517 2964 13
1557 2913 1608 2961 et
1641 2907 1711 2960 A.
1739 2907 1794 2962 S.
1823 2924 1872 2961 a.
1902 2908 2048 2973 822.)
2084 2907 2268 2961 addit.-
2338 2904 2498 2960 Cuius
2533 2904 2676 2959 filius

635 2975 857 3031 domnus
900 2976 1213 3031 Luduwicus
1260 2977 1443 3032 electis
1477 2975 1870 3044 probatissimis
1913 2975 2184 3030 monachis
2229 2972 2294 3029 de
2330 2973 2514 3029 Gallia
2557 2990 2675 3027 cum

635 3044 929 3100 venerabili
962 3046 1076 3100 viro
1111 3044 1440 3109 Adelhardo,
1490 3044 1634 3099 datis
1667 3044 1910 3115 reliquiis
1953 3044 2127 3099 sancti
2160 3043 2421 3111 Stephani
2461 3042 2676 3111 protho-

638 3115 899 3181 martiris,
951 3112 1266 3169 Corbeiense
1310 3114 1588 3169 cenobium
1638 3114 1745 3182 ipsi
1787 3114 2082 3169 construxit
2123 3115 2179 3167 et
2221 3111 2456 3167 dedicari
2489 3108 2676 3167 fecit3.

634 3183 759 3250 Ipse
801 3200 925 3238 vero
959 3200 1104 3237 cesar
1139 3183 1208 3239 ad
1241 3184 1417 3252 ipsum
1452 3183 1729 3242 cenobium
1768 3182 2000 3237 tradidit
2043 3182 2380 3245 donaciones,
2424 3180 2676 3235 abbacias

636 3252 844 3306 scilicet
878 3252 1170 3334 Eresburg‚
1206 3253 1477 3335 Meppiam
1521 3256 1578 3307 et
1623 3252 1796 3335 multa
1839 3251 2025 3333 predia
2075 3252 2134 3305 in
2159 3250 2450 3333 aquilone,
2485 3249 2674 3331 villam

636 3320 2008 3453 ffiffi01¹3?{3¹31ossussassffiibffibssssfflnmiiis'ffiffa‚
2045 3320 2519 3457 ‹1¹3312322‘1333332
2531 3316 2676 3440 ‘33¹3

637 3454 985 3511 decimalibus
1020 3457 1255 3512 ecclesiis
1292 3459 1349 3513 in
1390 3459 1566 3527 episco
1604 3462 1698 3514 atu
1741 3458 2084 3527 Asnebruggi
2136 3460 2192 3511 et
2232 3456 2582 3525 piscationem
2615 3455 2676 3509 in

636 3524 877 3588 Wesera,
915 3542 1049 3607 quae
1085 3526 1281 3581 dicitur
1316 3527 1541 3582 Hocwar
1585 3548 1599 3590 ;
1636 3544 1771 3597 quae
1805 3527 1915 3581 iam
1949 3526 2189 3594 superius
2223 3526 2372 3581 dicta
2405 3528 2549 3581 sunt.
2607 3524 2676 3578 In

634 3594 733 3647 hoc
768 3593 985 3649 cenobio
1058 3595 1193 3649 rimo
1227 3596 1522 3651 monastica
1555 3596 1840 3664 disciplina
1873 3597 1932 3649 in
1957 3594 2186 3652 Saxonia
2227 3595 2410 3650 floruit
2444 3599 2501 3648 et
2531 3596 2674 3662 post·

634 3660 849 3730 modum
891 3661 1035 3730 pluri
1072 3680 1134 3717 us
1176 3664 1233 3717 in
1277 3663 1405 3719 locis
1454 3665 1566 3719 eius
1613 3664 1844 3732 patriae,
1899 3680 2120 3733 quorum
2172 3664 2408 3718 omnium
2451 3661 2675 3719 Corbeia

634 3748 739 3785 non
773 3732 1045 3855 immcgissg
1082 3736 1254 3856 bazulz
1279 3736 1334 3788 et
1368 3735 1545 3815 mater
1580 3737 1637 3787 et
1671 3730 2261 3856 quogammodo·ttocius
2290 3732 2474 3855 ¹patrie
2519 3730 2675 3786 decus

633 3816 1487 3951 §33251201„¹Tm2„50330353
1524 3816 2066 3939 ἕξιὶἒὲἓωῗὲοᾳῖἕῒ
2089 3818 2200 3924 e1¹1¹1¹2
2218 3816 2487 3937 ”aasz
2517 3818 2676 3938 ‘333

632 3938 807 3992 Deum
843 3941 899 3993 et
932 3940 1140 3993 meritis
1176 3940 1233 3993 in
1267 3939 1525 4003 ommbuS,
1561 3942 1623 3993 ut
1657 3955 1943 4007 speramuS,
1980 3938 2280 3993 adiuvatur.

428 4056 476 4108 a)
510 4058 820 4109 bauuanberge
845 4060 903 4099 D.
1034 4058 1079 4104 b)
1112 4069 1201 4097 nau
1227 4069 1389 4098 erasum
1417 4061 1457 4098 1.
1588 4060 1632 4106 c)
1666 4058 1899 4098 cautor-itas
1923 4070 2042 4099 eraso
2067 4070 2092 4098 c
2117 4062 2155 4102 1.
2281 4058 2329 4106 d)
2353 4059 2556 4109 reliquam
2579 4059 2676 4103 folii

422 4112 587 4159 partem
614 4112 805 4150 exaravit
831 4111 879 4162 T,
903 4114 1025 4161 atque
1052 4110 1352 4158 singularibus
1379 4111 1425 4149 in
1450 4113 1538 4149 loco
1563 4121 1674 4149 raso.
1781 4110 1826 4160 e)
1849 4109 1925 4149 hoc
1951 4112 2038 4150 loco
2061 4112 2101 4150 Τ
2119 4113 2302 4161 epatium
2326 4110 2564 4161 quindecim
2587 4112 2674 4155 sere

431 4162 663 4201 litterarum
688 4173 866 4202 vacuum
891 4162 1073 4211 reziqmt.
1178 4162 1216 4212 f)
1243 4167 1373 4202 cunta
1403 4172 1509 4201 oon.
1538 4166 1696 4201 cuncta
1723 4162 1772 4201 Τ.

432 4264 485 4331 1)
539 4266 802 4320 Fortasse
847 4282 913 4320 ex
960 4265 1153 4320 Chron.
1206 4266 1389 4323 Halb„
1440 4266 1512 4331 cf.
1564 4267 1708 4320 Ama.
1749 4266 1878 4320 Sam.
1919 4268 2037 4321 781.
2173 4265 2228 4329 2)
2283 4264 2472 4335 Supra
2515 4282 2559 4321 c.
2587 4266 2671 4320 54.

427 4334 1245 4469 gibffagatzloffigonatomm
1272 4334 1457 4401 Coo-lm
1493 4351 1540 4390 v.
1569 4350 1742 4402 supra
1783 4336 1946 4390 VIII.
1986 4337 2066 4390 13.
2203 4335 2259 4402 4)
2295 4336 2390 4391 Ea:
2415 4334 2672 4403 Gataloyo
