3100 5050
399 424 470 479 98
995 418 1404 475 ΤΗΙΕΤΜΑΒῙ
1439 418 1701 476 CHRON.
1772 420 1909 475 LIB.
1945 420 2077 475 1111.

400 573 498 639 vis
545 573 801 649 invitus,
855 573 1130 655 pristino
1181 573 1410 640 habitu
1461 573 1729 639 indutus
1789 573 2079 639 iudiciali
2131 574 2451 640 sententia
2504 573 2660 639 duo-

400 659 688 725 decimus
723 659 861 744 ipse
897 660 1320 725 sacramentis
1353 659 1645 739 exsolvit,
1696 661 1985 741 exemplo
2019 660 2229 739 unius,
2276 662 2389 745 qui
2416 660 2658 726 Romae

402 745 595 812 simili
641 748 961 811 sententia
1006 766 1074 810 se
1119 746 1188 809 in
1231 752 1581 830 conspectu
1622 745 1863 829 prefati
1908 746 2291 829 inperatoris
2337 747 2658 829 purgavit.

399 832 627 897 Patres
679 851 900 896 eorum
955 832 1328 915 spirituales
1377 831 1637 916 plenum
1692 852 1886 913 super
1938 852 2006 896 se
2056 833 2495 898 testimonium
2548 832 2663 898 ha-

401 916 627 996 buere;
672 917 786 982 sed
811 916 1154 994 iudicibuS,
1191 923 1265 982 ut
1288 937 1532 996 vereor,
1584 916 1905 998 corruptis
1940 916 2183 1001 absque
2213 919 2388 983 omni
2424 918 2659 984 suimet

402 1003 594 1087 culpa
635 1002 894 1068 eosdem
940 1002 1326 1089 perdidere]

571 1090 674 1155 61.
731 1088 893 1175 (39.)
979 1088 1368 1173 [Memorare
1420 1086 1651 1153 ‘etiam
1704 1086 1864 1151 mihi
1923 1086 2085 1153 libet
2128 1088 2479 1154 Franconis
2523 1090 2657 1172 epi·
2684 1112 2707 1137 *
2726 1115 2808 1164 soz.
2832 1115 2911 1156 η’.

401 1174 584 1257 scopi
625 1173 1100 1240 wormacensis
1142 1174 1396 1239 brevem
1439 1173 1633 1237 vitam
1650 1222 1665 1252 ,
1721 1174 1834 1255 qui
1877 1173 2123 1239 iuvenis
2168 1194 2247 1239 ac
2300 1174 2475 1239 omni
2515 1195 2661 1259 pro-

399 1259 608 1326 bitate
661 1260 884 1325 cluens
933 1259 1143 1325 cesari
1195 1264 1472 1342 augusto
1521 1258 1793 1343 placuit;
1858 1266 1924 1323 et
1972 1280 2121 1325 cum
2175 1259 2448 1325 eundem
2506 1280 2661 1325 suae

403 1347 810 1413 coniunctum
866 1344 1300 1411 familiaritati
1352 1345 1424 1409 in
1486 1343 1721 1409 divinis
1784 1344 2027 1429 pollere
2092 1344 2318 1411 sedulo
2377 1345 2659 1426 vidisset,

205 1441 369 1510 (998).
406 1436 662 1498 mortuo
706 1430 1033 1515 predictae
1077 1432 1354 1496 civitatis
1397 1430 1689 1496 antistite
1732 1428 2145 1509 Hillibaldol,
2193 1432 2400 1497 eidem
2447 1451 2663 1497 succe-

404 1518 557 1584 dere
614 1517 786 1583 fecit.
902 1516 1030 1594 Qui
1085 1538 1284 1582 unum
1341 1515 1683 1582 dumtaxat
1746 1538 1984 1581 annum
2044 1516 2272 1583 sedens
2343 1518 2411 1583 in
2470 1518 2665 1584 Italia

209 1616 373 1684 (999).
408 1604 588 1681 obiit,
632 1602 869 1668 ibidem
912 1603 1200 1684 sepultus
1215 1600 1262 1670 ².

576 1688 822 1753 Vellem
863 1687 1311 1771 libentissime,
1358 1686 1414 1751 si
1458 1708 1764 1771 umquam
1807 1686 1951 1753 fieri
1992 1688 2325 1772 potuisset,
2384 1694 2459 1753 ut
2502 1690 2665 1772 opti-

405 1795 660 1839 morum
722 1774 1158 1859 quorumlibet
1216 1772 1530 1839 memoria
1589 1794 1706 1857 per
1765 1774 2090 1838 inutilium
2155 1795 2351 1858 opera
2405 1775 2664 1839 meimet

403 1880 710 1926 manuum
772 1860 1178 1941 presentibus
1239 1880 1318 1924 ac
1373 1860 1655 1943 posteris
1712 1860 1993 1942 quadam
2050 1860 2331 1925 novitate
2394 1866 2663 1942 accepta

402 1945 755 2024 floruisset,
811 1949 884 2008 ut
937 1944 1031 2009 hii
1073 1966 1319 2025 omnes,
1374 1946 1495 2010 etsi
1538 1944 1662 2010 hoc
1706 1965 1831 2009 non
1873 1944 2201 2025 delectati,
2259 1967 2375 2031 pro
2418 1946 2663 2028 pietate

400 2039 618 2098 tamen
697 2051 818 2096 sua
894 2030 1068 2115 apud
1131 2032 1337 2096 Deum
1419 2030 1917 2113 omnipotentem
1994 2032 2448 2097 recordentur⁸
2517 2032 2661 2096 mei.

404 2119 732 2201 *Agnosco
775 2117 948 2181 enim
994 2124 1226 2183 memet
1268 2118 1508 2202 ipsum,
1562 2123 1628 2181 et
1671 2116 1900 2195 minuS,
1947 2138 2142 2201 quam
2196 2116 2417 2197 debeo,
2474 2137 2553 2183 ac
2596 2118 2663 2182 in
2690 2140 2714 2163 *
2740 2151 2852 2182 man.
2873 2143 2923 2181 r.

403 2204 618 2270 baculi
678 2202 1038 2284 fragilitate
1096 2201 1518 2268 harundineib
1592 2202 1686 2265 nil
1751 2222 2018 2285 prorsus
2080 2202 2405 2269 confidens
2474 2203 2665 2269 iustis

409 2288 948 2373 suffragatoribus
991 2309 1094 2353 me
1135 2295 1538 2373 peccatorem
1584 2288 1851 2371 supplex
1894 2290 2280 2375 committo]

211 2384 373 2453 (999).
578 2378 682 2443 62.
712 2374 966 2460 [Voluit
986 2395 1240 2458 quoque
1257 2376 1645 2458 imperator⁶
1663 2373 2030 2458 capellanos
2048 2376 2285 2440 suimet
2294 2373 2663 2457 Herponem

403 2461 483 2527 de
511 2460 904 2527 Halverstidi
943 2481 1019 2524 ac
1046 2460 1366 2527 Raconem
1409 2460 1490 2525 de
1524 2460 1801 2525 Bremun
1838 2460 2189 2546 episcopali
2224 2459 2431 2544 gradu
2464 2457 2664 2523 subli-

404 2569 606 2628 mare3
674 2552 740 2612 et
794 2547 922 2612 hiis
979 2548 1046 2612 in
1103 2548 1269 2614 lecto
1329 2546 1411 2612 ob
1471 2546 1910 2611 infirmitatem
1968 2547 2245 2612 validam
2303 2544 2663 2611 iacentibus

403 2633 792 2719 pastoralem
835 2633 1138 2698 baculum
1183 2633 1386 2714 dedit,
1440 2633 1555 2698 sed
1598 2641 1871 2716 uterque
1914 2633 2052 2698 sine
2088 2631 2474 2697 sacerdotali
2509 2652 2665 2695 unc-

404 2720 589 2785 cione
640 2717 997 2784 discescit-⁹».
1098 2719 1268 2798 Quid
1319 2739 1469 2784 vero
1520 2718 1601 2783 de
1652 2719 1776 2782 hoc
1827 2717 2043 2784 dicere
2094 2719 2360 2800 possim,
2416 2718 2662 2800 ignoro,

407 2827 552 2871 cum
623 2825 972 2886 numquam
1036 2803 1116 2870 de
1185 2803 1428 2870 talibus
1499 2803 1745 2888 aliquid
1814 2803 1941 2886 legi
1998 2805 2098 2868 vel
2166 2806 2363 2869 etiam
2426 2802 2661 2870 audivi.

406 2891 714 2975 Cognitor
759 2892 1043 2956 omnium
1091 2892 1264 2956 Deus
1309 2889 1466 2957 haec
1511 2889 1685 2954 solus
1731 2889 2055 2954 ordinavit
2099 2897 2164 2955 et
2214 2890 2381 2954 scire
2430 2895 2663 2973 potest.

578 2973 740 3063 (40.)
811 2976 957 3042 *Hii
1001 2977 1148 3056 duo,
1195 2975 1486 3061 quamvis
1530 2975 1641 3057 pii,
1686 2981 1905 3039 tamen
1947 2976 2117 3041 inter
2161 2977 2493 3060 episcopos
2540 2995 2666 3040 non
2692 3012 2714 3035 ..
2731 3012 2815 3062 sol„
2842 3017 2893 3056 ,3

405 3063 642 3128 debent
677 3063 972 3141 asscribi,
1011 3063 1166 3146 quia
1198 3064 1266 3128 in
1300 3061 1746 3127 benedictione
1781 3061 1907 3125 hiis
1944 3069 2271 3127 consortes
2295 3082 2423 3126 non
2449 3061 2665 3126 value-
2690 3064 2827 3158 (ζῶ.
2837 3067 2920 3158 101),

403 3155 557 3213 runt
591 3148 777 3214 effici.
855 3149 1068 3214 Razo‘1
1102 3155 1319 3214 autem
1355 3149 1535 3212 iussu
1570 3146 1790 3212 dilecti
1835 3147 2104 3212 senioris
2140 3150 2241 3213 sui
2279 3169 2429 3212 ossa
2466 3168 2664 3230 supra
2875 3147 2887 3158 '

404 3234 561 3300 dicti
606 3255 812 3319 papae
856 3234 1205 3314 Benedicti,
1251 3233 1422 3300 sicut
1463 3233 1602 3316 ipse
1644 3234 2014 3318 prelocutus
2060 3241 2175 3312 est,
2236 3235 2315 3298 de
2358 3233 2663 3298 Hamma-

403 3319 568 3403 burg
621 3320 889 3386 Romam
942 3319 1220 3388 reduxit.
1316 3319 1611 3400 Namque
1672 3325 1862 3402 pater
1912 3319 2324 3399 venerabiliS,
2388 3319 2662 3384 domnus

405 3406 668 3490 inquam
728 3406 1146 3490 apostolicus,
1213 3405 1366 3471 dum
1410 3406 1476 3470 in
1523 3405 1715 3470 exilio
1768 3412 1937 3471 esset
1995 3407 2063 3470 in
2107 3405 2350 3471 Christi
2404 3405 2661 3470 servitio

404 3493 731 3558 studiosus
785 3513 1056 3575 cumque
1115 3490 1327 3556 adhuc
1380 3491 1777 3575 aquilonaris
1834 3491 1995 3556 haec
2036 3513 2190 3578 pars
2236 3499 2461 3574 optata
2504 3510 2663 3574 pace

406 3579 740 3662 gauderet:
805 3576 1000 3654 ‘Hic‚’
1054 3577 1290 3661 inquit,
1337 3577 1587 3660 ‘fragile
1633 3597 1865 3661 corpus
1911 3599 2122 3642 meum
2167 3578 2359 3643 debet
2401 3577 2660 3655 resolvi3

407 3670 472 3729 et
514 3671 662 3748 post
705 3663 868 3728 haec
912 3664 1154 3729 omnis0
1197 3665 1326 3729 ista
1367 3665 1546 3748 regio
1584 3665 1808 3748 gentili
1844 3663 2055 3746 gladio
2092 3662 2442 3730 desolanda
2478 3662 2663 3727 feris-

407 3771 532 3834 que
590 3748 1016 3814 inhabitanda
1075 3749 1488 3833 relinquitur,
1560 3759 1623 3814 et
1683 3755 1833 3814 ante
1891 3750 2383 3815 translationem
2451 3767 2659 3811 meam

405 3921 450 3974 a)
475 3921 806 4023 ressrdsreqtiiir
831 3919 890 4011 ‘112‘i
930 3973 968 4011 Τ
991 3920 1038 3971 b)
1067 3921 1282 3961 harundei
1303 3927 1342 3960 1.
1448 3919 1490 3971 c)
1515 3921 1703 3970 impator
1721 3922 1862 3971 primo
1881 3923 1928 3970 Τ,
1954 3921 2066 3971 quod
2092 3923 2183 3970 ipae
2208 3933 2315 3960 corr.
2407 3918 2451 3968 d)
2477 3919 2596 3958 Raeo
2614 3899 2665 3964 0,

406 3985 514 4014 corr.
575 4001 586 4013 .
693 3983 716 4012 e
802 3984 829 4011 a
893 4000 904 4013 .
968 3998 981 4013 .

408 4111 460 4174 1)
499 4111 608 4174 Qui
639 4111 779 4165 sedit
812 4112 1106 4166 979—998.
1243 4108 1297 4173 2)
1336 4110 1404 4162 A.
1431 4111 1534 4166 999
1560 4109 1706 4178 Any.
1735 4111 1836 4176 27,-
1874 4109 1945 4176 cf.
1977 4111 2160 4164 Vitam
2188 4106 2513 4162 Barchardi
2545 4106 2657 4172 epi·

407 4178 560 4246 scopi
593 4179 792 4233 Worm.
822 4178 1227 4245 (1000-1025),
1255 4180 1354 4248 qui
1376 4179 1555 4244 frater
1578 4180 1891 4234 Franconis
1905 4177 2025 4244 fuit
2048 4176 2171 4239 (SS.
2199 4177 2305 4239 IV,
2342 4175 2657 4238 829-846).

405 4251 508 4304 999
534 4250 678 4315 Any.
707 4250 776 4304 28
801 4249 1056 4302 exhibent
1080 4251 1227 4302 Αηπ.
1254 4249 1452 4302 necrol.
1477 4248 1648 4302 Fuld.
1764 4249 1818 4312 3)
1854 4249 2012 4312 Erpa
2037 4245 2353 4300 Franconis
2380 4258 2658 4300 successor

405 4317 602 4371 electus
645 4317 760 4370 iam
804 4319 958 4373 tertio
1001 4317 1107 4382 die,
1157 4316 1316 4370 Razo
1356 4317 1415 4370 in
1456 4316 1647 4370 itinere
1690 4315 2049 4370 ordinationis
2092 4315 2211 4368 acci
2258 4315 2270 4326 ⁰
2296 4314 2440 4369 udae
2486 4329 2658 4368 causa

405 4385 484 4439 ad
507 4386 880 4453 imperatorem
905 4391 1154 4453 suscepto
1173 4384 1374 4440 Curiae
1399 4386 1582 4440 eodem
1601 4401 1745 4439 armo
1762 4390 2005 4438 mortuus
2024 4389 2118 4436 est.
2212 4383 2277 4436 ui
2291 4382 2658 4438 Barchardus

401 4455 691 4522 successim
731 4454 798 4521 cf.
833 4455 1015 4509 Vitam
1051 4454 1288 4508 eiusdem
1323 4455 1358 4508 Ζ.
1386 4469 1430 4509 e.
