3100 5050
1034 391 1440 446 THIETMARI
1476 389 1738 446 CHRON.
1809 389 1947 444 LIB.
1983 390 2028 444 1.
2622 393 2656 446 9

405 546 658 630 quievit,
707 546 1000 632 sequenti
1043 552 1230 610 nocte
1276 564 1316 609 a
1360 541 1681 608 defunctis
1721 543 1965 609 eiectus
2002 551 2116 612 est.
2206 544 2302 610 Ob
2336 545 2453 611 hoc
2488 544 2654 610 idem

404 632 691 714 trepidus
743 632 915 716 apud
972 632 1330 698 antistitem
1376 630 1535 696 talia
1580 630 1888 713 queritur.
1987 630 2049 695 Is
2104 636 2320 696 autem
2372 633 2659 717 precepit

406 719 479 796 ei,
508 725 580 784 ut
609 739 751 782 cum
783 725 1151 784 sanctorum
1181 717 1473 801 reliquiis
1501 717 1814 797 signatus,
1850 738 2020 801 aqua
2048 722 2273 782 sancta
2302 739 2656 802 asspersus,

403 826 576 869 suam
627 804 950 870 custodire
995 823 1124 869 non
1172 804 1512 868 desisteret
1557 803 1911 868 ecclesiam.
2004 803 2129 880 Qui
2174 802 2353 869 iussa
2401 811 2657 869 secutus

401 890 658 970 domini,
723 893 954 956 iterum
1007 888 1290 954 dormire
1354 888 1419 952 in
1473 888 1746 953 ecclesia
1804 887 2032 965 voluit;
2108 887 2221 953 sed
2285 889 2659 955 stimulatu*

396 977 650 1042 timoris
723 978 816 1042 sic
877 975 1148 1040 iacendo
1211 975 1594 1058 evigilavitb.
1716 974 1803 1039 Et
1862 996 2007 1039 ecce
2079 974 2272 1039 solita
2333 977 2658 1041 venientes

395 1062 578 1142 hora,
607 1062 1016 1128 elevaverunt
1041 1083 1202 1137 eum,
1234 1080 1448 1125 coram
1485 1061 1683 1125 altari
1724 1082 1868 1126 eum
1895 1066 2203 1145 ponentes
2231 1069 2293 1125 et
2319 1061 2387 1125 in
2404 1061 2658 1127 favillas

394 1156 625 1214 tenues
688 1168 920 1230 corpus
983 1147 1128 1228 igne
1187 1146 1597 1214 resolventes„
1713 1145 1850 1211 Hoc
1920 1146 2029 1211 ubi
2099 1146 2317 1232 presul
2387 1148 2655 1225 audivit,

396 1234 766 1320 penitencia
813 1233 1043 1297 ductus
1086 1233 1455 1298 triduanum
1501 1232 1738 1297 indixit
1773 1233 2103 1310 ieiunium,
2149 1238 2224 1297 ut
2258 1239 2324 1297 et
2360 1232 2483 1299 sibi
2521 1234 2658 1299 ani-

399 1341 672 1404 maeque
717 1319 1044 1384 defuncti⁰
1079 1324 1500 1385 succurreret.
1603 1318 1834 1398 Multa,
1888 1317 2008 1396 fili,
2064 1318 2144 1384 de
2187 1318 2309 1384 his'
2343 1319 2656 1398 omnibuS‚

165 1423 187 1448 *
221 1421 376 1472 sot-⁶2
405 1405 507 1470 *ni
552 1403 892 1470 infirmitas
936 1405 1241 1483 obstaret,
1298 1405 1510 1470 dicere
1555 1405 1929 1488 potuissem.
2022 1403 2107 1470 Ut
2150 1404 2288 1471 dies
2332 1406 2507 1489 vivis,
2564 1406 2657 1470 sic

405 1511 535 1556 nox
564 1500 661 1556 est
687 1511 984 1557 concessa
1003 1490 1403 1557 defunctisd’.
1460 1489 1601 1555 Non
1624 1497 1877 1575 oportet
1892 1491 2037 1574 plus
2057 1511 2286 1574 sapere
2303 1493 2657 1571 mortalem,

407 1599 616 1662 quam,
662 1584 733 1642 ut
775 1584 1035 1643 sanctus
1081 1583 1404 1642 ammonet
1449 1577 1706 1656 PauluS,
1752 1577 1841 1642 ad
1882 1577 2293 1644 sobrietatem.
2685 1595 2898 1645 Rom-1²,
2922 1595 2963 1634 ³-

575 1663 671 1730 13.
719 1663 842 1730 Sed
872 1664 1067 1747 quia⁶
1096 1663 1226 1727 duo
1255 1664 1353 1727 vel
1381 1669 1511 1728 tres
1531 1663 1615 1728 ad
1634 1683 1831 1728 unum
1852 1661 2181 1728 sufficiunt
2196 1664 2654 1743 testimonium,

399 1750 554 1815 haec
581 1771 746 1832 quae
773 1750 1043 1816 novellis
1073 1749 1312 1814 nostris
1340 1769 1603 1814 evenere
1638 1748 2033 1834 temporibus
2061 1750 2309 1833 scripsi,
2348 1756 2422 1814 ut
2450 1749 2658 1817 discat

393 1834 766 1901 incredulus
825 1857 977 1902 vera
1029 1857 1169 1900 esse
1211 1833 1671 1920 prophetarum
1712 1835 1993 1913 oracula,
2041 1856 2076 1900 e
2112 1835 2347 1919 quibus
2382 1842 2660 1901 testatur

393 1942 589 1987 unus:
633 1921 869 2002 Vivent,
905 1921 1218 2006 inquienS,
1255 1923 1484 1985 mortui
1519 1923 1684 2007 [t-aiI,
1722 1921 2023 1986 Domine!
2057 1929 2123 1985 et
2154 1920 2349 1986 alius:
2387 1920 2661 2007 Surqent
2685 1940 2773 1982 10⁸.
2790 1941 2855 1989 2⁶,
2881 1940 2947 1980 1⁹.

390 2008 642 2088 mortui,
703 2009 812 2138 qui
847 2009 926 2080 ‚in
969 2008 1374 2072 monumentis
1431 2004 1613 2095 [sunt]
1630 2058 1645 2086 ,
1700 2007 1959 2072 audient
2010 2030 2210 2073 vocem
2245 2007 2388 2092 filii
2429 2008 2556 2072 Dei
2606 2019 2662 2073 et
2688 2025 2783 2066 Iob.
2810 2025 2849 2076 5,
2882 2027 2949 2066 28·

291 2169 296 2176 ¹
396 2095 698 2158 laetentur
743 2143 756 2157 .
849 2092 1395 2177 Quandocumque
1441 2115 1482 2159 a
1524 2093 1921 2159 viventibusf
1969 2093 2129 2158 haec
2174 2094 2527 2159 audiuntur
2560 2093 2661 2159 vel

394 2178 708 2257 videntur,
736 2200 968 2244 novum
996 2178 1242 2263 aliquid
1269 2189 1298 2228 ⁸
1331 2179 1562 2263 signat,
1591 2186 1663 2244 ut
1689 2178 1988 2244 idoneum
2013 2179 2080 2243 in
2100 2180 2321 2245 multis
2340 2179 2661 2265 approbat

399 2265 863 2340 testimonium,
929 2266 1112 2331 cuius
1175 2286 1473 2349 magnam
1537 2273 1787 2349 partem
1843 2266 2001 2342 sci0‚
2066 2267 2375 2331 maiorem
2441 2272 2657 2331 autem

401 2350 692 2434 ignoroh‚
749 2351 862 2417 sed
907 2351 1238 2416 veracibus
1292 2353 1681 2417 testimoniis
1736 2350 1947 2417 credo,
2048 2353 2167 2416 Fui
2222 2373 2339 2436 ego
2394 2354 2459 2418 in
2516 2373 2657 2417 mea

399 2444 575 2502 curte
613 2435 1153 2502 Retmerslevo¹·2
1196 2437 1388 2516 dicta,
1437 2436 1547 2504 ubi
1580 2437 1717 2504 XV.
1748 2438 1889 2502 Kal.
1931 2436 2239 2517 Ianuarii,
2288 2438 2400 2506 VI.
2427 2437 2655 2517 feriass,
2684 2426 2854 2535 {2135

396 2523 463 2587 in
505 2522 709 2609 primo
756 2523 910 2608 galli
950 2531 1146 2590 cantu
1182 2546 1425 2608 magna·
1459 2524 1573 2589 lux
1617 2523 1700 2589 ab
1745 2523 2060 2590 aecclesia
2114 2525 2395 2591 emicans
2453 2532 2658 2593 totum
2769 2521 2782 2535 '
2860 2523 2869 2535 ’

393 2610 666 2696 replevit
710 2610 974 2691 atrium,
1031 2611 1406 2694 sonitusque
1451 2608 1960 2699 [grunniencium
2008 2610 2210 2701 more]
2256 2612 2518 2677 auditur
2563 2612 2657 2676 in-

393 2716 670 2764 mensus,
767 2695 948 2774 Quod
1001 2718 1179 2762 meus
1234 2697 1438 2763 frater
1489 2695 1929 2796 [Frithericus]
1952 2695 1981 2741 ⁴
2028 2718 2171 2762 cum
2228 2697 2656 2764 satellitibusk

393 2783 554 2848 meis
607 2784 1008 2866 caeterisque
1063 2783 1189 2848 huc
1241 2782 1761 2848 convenientibus
1816 2785 2164 2868 aspecxitl,
2228 2790 2294 2850 et
2344 2784 2480 2863 ille,
2547 2786 2655 2868 qui

395 2890 608 2934 coram
667 2890 766 2932 me
820 2867 1150 2947 dormivit,
1207 2870 1577 2953 capellanus
1632 2868 1898 2935 audivit.
1999 2869 2135 2936 Hoc
2181 2871 2464 2936 crastino
2512 2892 2655 2935 cum

395 2955 842 3039 comperirem,
917 2955 973 3019 si
1036 2977 1338 3039 umquam
1401 2957 1581 3039 prius
1643 2955 1734 3020 ibi
1796 2955 2041 3039 aliquid
2102 2955 2233 3021 tale
2295 2956 2653 3039 contigerit,

395 3042 824 3125 interrogans,
887 3042 1083 3106 semel
1140 3042 1326 3106 hiism
1363 3041 1605 3107 similia
1660 3041 1975 3107 accidisse
2035 3041 2118 3107 ab
2182 3042 2655 3126 antiquissimis

144 3098 367 3228 ἓξὲξ).
398 3128 669 3210 percepi,
717 3134 782 3191 et
824 3127 890 3191 in
935 3125 1056 3193 hoc
1109 3127 1324 3194 anno⁵
1368 3126 1823 3193 miserabiliter
1859 3126 2199 3213 *compleri
2244 3128 2540 3194 videbam
2583 3129 2650 3193 in

397 3212 574 3278 obitu
633 3211 955 3302 [domnae]
1013 3212 1438 3297 Liudgardis¹²
1499 3213 1828 3292 inclitae5‚
1887 3235 1966 3278 ex
2019 3235 2149 3279 una
2200 3221 2385 3298 parte
2439 3220 2651 3298 neptis
2682 3184 2880 3293 {gysa

392 3352 436 3400 a)
463 3351 682 3391 stimulati
712 3352 880 3391 timoris
909 3362 1014 3391 casu
1042 3364 1150 3392 corr.
1192 3352 1235 3392 V.
1339 3352 1388 3399 b)
1418 3362 1442 3392 ο
1468 3351 1571 3393 add.
1608 3352 1655 3391 T.
1761 3354 1800 3398 c)
1828 3351 2008 3391 defunct
2034 3352 2085 3396 A.
2114 3364 2223 3392 corr.
2258 3354 2306 3391 Τ.
2413 3352 2459 3403 d)
2488 3355 2535 3392 ut
2561 3353 2655 3392 dies

391 3404 665 3443 ——defunctis
694 3404 741 3442 in
767 3406 804 3443 1.
837 3414 958 3443 erasa
983 3406 1095 3443 sunt.
1229 3402 1272 3451 e)
1315 3414 1342 3443 a
1368 3404 1472 3445 add.
1504 3406 1554 3444 Τ.
1696 3402 1735 3453 f)
1771 3405 1807 3443 ti
1833 3403 1936 3443 add.
1969 3406 2017 3445 Τ.
2158 3406 2204 3454 g)
2248 3403 2373 3453 ⁸1qu
2400 3407 2437 3444 1.
2466 3406 2652 3455 saepiae.

391 3454 442 3506 h)
471 3457 626 3504 ignora
651 3456 703 3504 A,
731 3466 839 3495 corr.
872 3456 919 3495 Τ.
1049 3456 1085 3504 1)
1114 3455 1401 3496 ηῐωαηὶοιιο
1435 3457 1483 3497 V.
1616 3454 1664 3504 k)
1691 3454 1726 3493 ti
1752 3456 1855 3495 add.
1895 3456 1938 3495 V.
2063 3456 2096 3505 1)
2122 3467 2146 3495 c
2174 3468 2202 3495 a
2235 3458 2273 3497 Τ
2295 3456 2489 3496 additum
2509 3459 2656 3506 poeeea

390 3519 555 3547 mum
582 3509 655 3547 eet.
761 3504 822 3557 m)
848 3509 1024 3547 aiterum
1048 3508 1063 3546 1
1087 3507 1192 3547 add.
1225 3510 1272 3547 Τ.
1379 3507 1426 3554 n)
1451 3508 1511 3547 ita
1537 3507 1576 3546 A
1603 3507 1771 3546 videtur
1794 3508 2023 3558 scripum,
2063 3509 2098 3548 V
2117 3520 2224 3548 corr.
2252 3508 2467 3548 luknrdin.

395 3611 448 3675 1)
488 3611 699 3678 optime
737 3610 1107 3665 Thietmarum
1143 3612 1451 3666 emendavit
1477 3612 1761 3665 Honorius
1794 3611 1853 3664 in
1880 3611 2133 3678 Imagine
2170 3612 2394 3665 mundi:
2434 3613 2490 3665 et
2516 3612 2654 3666 alius

390 3681 489 3737 (sc.
520 3680 730 3735 Daniel
758 3682 838 3741 12,
875 3682 960 3742 2):
1001 3680 1179 3734 ‘Multi
1208 3680 1273 3734 de
1299 3679 1400 3742 his,
1439 3680 1528 3749 qui
1568 3679 1841 3734 dormiunt
1879 3679 1937 3733 in
1963 3681 2141 3735 terrae
2168 3681 2401 3749 pulvere,
2430 3681 2653 3750 evigila-

392 3747 578 3809 bunt';
616 3751 672 3802 et
707 3748 819 3815 ipse
849 3748 1138 3801 Dominus:
1178 3749 1394 3803 ‘Mortui
1431 3748 1525 3818 qui
1560 3748 1617 3802 in
1653 3749 2013 3803 monumentis
2048 3753 2191 3813 sunt,
2228 3749 2448 3804 audient
2473 3766 2653 3804 vocem

391 3816 494 3871 filii
532 3817 632 3870 Dei
670 3820 725 3871 et
759 3815 1078 3885 procedent'.
1148 3819 1216 3872 L.
1379 3818 1432 3878 2)
1489 3818 1913 3872 Rottmersleben
1959 3819 2076 3873 vieo
2120 3820 2262 3872 inter
2306 3819 2655 3887 Maqdebury

392 3893 443 3939 et
474 3886 737 3941 Mearm-A
750 3886 1046 3940 lvensleben
1074 3887 1193 3940 sita.
1281 3887 1335 3952 3)
1378 3888 1532 3941 Haec
1568 3888 1822 3953 temporis
1858 3888 2150 3954 descriptio
2176 3888 2417 3957 quadrat
2441 3893 2654 3942 tantam

391 3956 449 4007 in
501 3972 553 4009 a.
596 3956 745 4034 1002,
791 3972 895 4025 quo
945 3961 1100 4035 sexta
1138 3953 1290 4020 feria
1339 3956 1533 4010 incidit
1582 3956 1729 4035 iri-a.
1766 3956 1818 4010 d.
1858 3956 1938 4009 15.
1979 3958 2109 4011 Kal.
2146 3959 2292 4022 Ian„
2329 3957 2442 4011 nisi
2477 3957 2651 4011 Thiet·

390 4039 613 4172 me.
630 4023 1391 4173 'essse-fssffif‘5ss
1430 4026 1747 4159 ..tum
1786 4026 2654 4161 immutataammata?

394 4160 764 4215 Thietmarum
799 4162 980 4217 dicere
1007 4163 1240 4215 voluisse
1266 4160 1404 4215 diem
1437 4163 1515 4216 18.
1544 4164 1689 4227 Ian„
1729 4163 1793 4215 X
1806 4164 1858 4216 V.
1889 4164 2019 4215 Kal.
2049 4164 2213 4217 Febr.
2242 4182 2294 4217 a.
2328 4164 2478 4225 1012,
2514 4180 2654 4231 quae

377 4228 502 4296 suit
513 4231 672 4295 feria
697 4237 867 4285 sexta.
956 4232 1009 4295 4)
1037 4233 1118 4295 Is,
1145 4246 1298 4299 quem
1325 4238 1513 4297 postea
1528 4230 1870 4298 praefectum
1890 4231 2411 4301 Maydeburyensem
2422 4230 2650 4299 factam

391 4314 508 4353 esse
536 4299 832 4355 Annali-sta
868 4299 1016 4355 Saxo
1053 4316 1105 4353 a.
1142 4299 1260 4353 998.
1307 4300 1457 4354 1032.
1507 4300 1657 4353 1049.
1704 4300 1889 4355 tradit.
1971 4302 2026 4363 5)
2081 4301 2129 4353 Ι.
2168 4318 2210 4354 e.
2246 4309 2307 4356 in
2341 4317 2419 4367 εο,
2456 4302 2523 4354 de
2548 4319 2653 4371 quo

390 4368 546 4421 modo
573 4368 716 4422 dixit
741 4374 948 4429 auctor,
978 4386 1028 4422 a.
1052 4369 1212 4430 1022;
1250 4369 1321 4433 cf.
1351 4365 1556 4422 ‘Neues
1585 4368 1810 4422 Archiv'
1842 4370 1936 4422 XI
1949 4368 2009 4433 V,
2032 4384 2090 4437 p.
2110 4370 2194 4423 62.
2275 4370 2333 4433 6)
2370 4371 2653 4426 Mortuam

392 4451 511 4491 eam
547 4452 660 4491 esse
695 4440 746 4492 d.
786 4438 868 4493 13.
897 4438 1037 4491 Nov.
1077 4454 1128 4490 a.
1166 4440 1300 4501 1012
1337 4440 1452 4506 ipse
1491 4436 1712 4493 Thietm.
1748 4444 1945 4493 narrat
1994 4436 2123 4505 VII,
2160 4439 2244 4493 24.
