3100 5050
1029 421 1434 478 THIETMARI
1470 420 1733 478 CHRON.
1806 425 1942 479 LIB.
1978 425 2087 480 III.
2611 429 2676 482 61

431 579 730 658 devictos,
777 583 1047 662 postque
1089 576 1342 642 eosdem
1383 578 1448 642 in
1483 598 1710 660 campo
1758 579 2087 646 ordinatos
2140 579 2393 644 fortiter
2428 580 2689 646 adiens⁸
2722 593 2839 648 982.

429 668 831 730 innumeram
861 686 940 728 ex
966 665 1068 728 his
1095 662 1570 728 multitudinem
1603 667 1832 730 stravit
1855 688 2243 751 prorsusque
2262 666 2381 732 hos
2410 669 2689 750 speravit

429 773 568 816 esse
616 756 970 832 superatos,
1062 749 1186 814 Sed
1228 749 1321 814 hii
1357 771 1438 814 ex
1471 751 1794 832 inproviso
1831 753 2083 817 collecti
2119 751 2203 816 ad
2240 759 2491 818 nostros
2529 775 2688 818 una-

433 837 690 902 nimiter
753 841 1028 920 pergunt
1087 842 1153 900 et
1221 836 1557 918 paululum
1632 839 2003 903 resistentes
2066 845 2507 922 prosternunt,
2571 859 2687 922 pro

432 924 636 988 dolor!
701 923 818 991 ΙΙΙ.
867 922 962 988 Id.
1008 920 1159 986 Iulii
1207 971 1220 985 .
1255 973 1269 987 .
1303 922 1358 988 ,ι’
1412 922 1785 987 Richarium
1845 924 2226 989 lanciferum
2289 933 2355 989 et
2402 925 2689 990 Udonem
2716 949 2890 991 1u1.1³.

430 1012 656 1076 ducem
681 1009 718 1086 ¹,
780 1009 1006 1072 matris
1063 1028 1243 1072 meae
1293 1008 1679 1072 avunculum
1696 1009 1739 1089 2,
1795 1013 2183 1094 comitesque
2232 1010 2686 1091 Thietmarum,

431 1096 824 1173 Becelinum,
889 1093 1363 1172 Gevehardum,
1429 1092 1939 1175 Gunterium0·³,
2026 1096 2355 1161 Ecelinum
2424 1099 2691 1180 eiusque

431 1183 697 1247 fratrem
763 1181 1129 1245 Becelinum
1190 1201 1332 1244 cum
1401 1179 1771 1245 Burchardo
1852 1189 1915 1247 et
1978 1182 2185 1248 Dedi4
2252 1203 2330 1247 ac
2394 1182 2689 1248 Conrado

183 1286 206 1309 *
228 1287 315 1336 soz.
335 1285 401 1326 45.
433 1269 789 1350 ceterisque
836 1265 1326 1344 *ineffabilibu8,
1374 1285 1647 1349 quorum
1695 1270 1955 1333 nomina
1999 1269 2173 1334 Deus
2220 1269 2383 1333 sciat
2400 1269 2446 1334 ⁵.

600 1357 703 1420 21.
766 1353 1130 1437 Imperator
1182 1351 1442 1416 autem6
1487 1373 1632 1416 cum
1688 1353 1919 1419 Ottone
1973 1355 2224 1438 prefato
2290 1355 2689 1438 caeterisque

430 1439 739 1522 effugiens
777 1439 860 1504 ad
897 1460 1073 1503 mare
1108 1438 1298 1516 venit,
1336 1436 1684 1520 vidensque
1728 1461 1769 1503 a
1804 1441 1987 1522 longe
2028 1442 2257 1519 navim,
2295 1440 2689 1506 salandriam

429 1527 710 1602 nomine,
770 1524 1085 1589 Calonimi
1145 1544 1308 1605 equo
1368 1521 1552 1588 Iudei
1612 1530 1691 1588 ad
1748 1547 1890 1590 eam
1949 1527 2335 1609 properavit.
2435 1526 2558 1592 Sed
2614 1549 2690 1592 ea

430 1613 783 1695 preteriens
828 1613 1152 1692 suscipere
1197 1609 1368 1674 hunc
1412 1609 1747 1678 recusavit.
1835 1612 1955 1676 Ille
2000 1619 2217 1678 autem
2266 1613 2501 1677 littoris
2548 1633 2690 1694 pre-

432 1698 600 1764 sidia
653 1704 876 1778 petens
938 1697 1181 1761 invenit
1231 1695 1440 1760 adhuc
1494 1695 1763 1761 Iudeum
1816 1706 2095 1763 stantem
2151 1699 2550 1782 seniorisque
2592 1698 2690 1764 di-

429 1786 581 1850 lecti
634 1784 966 1848 eventumd
1019 1782 1291 1846 sollicite
1345 1789 1842 1864 exspectantem.
1948 1782 2234 1868 Cumque
2299 1785 2513 1849 hostes
2577 1785 2689 1849 ad-

430 1877 688 1935 ventare
733 1871 1149 1952 conspiceret,
1194 1866 1388 1951 quid0
1425 1888 1731 1951 umquam
1768 1868 1951 1935 fieret
1996 1871 2075 1936 de
2112 1872 2227 1950 sef,
2275 1871 2483 1936 tristis
2521 1872 2689 1935 hunc

431 1959 853 2039 interrogans,
910 1962 974 2019 et
1016 1953 1254 2018 habere
1301 1973 1368 2018 se
1412 1955 1685 2019 amicum
1732 1956 1908 2038 apud
1952 1977 2081 2035 eos,
2136 1957 2321 2022 cuius
2374 1957 2690 2022 auxilium

431 2051 752 2125 speraret,
807 2040 1350 2118 animadvertens,
1406 2041 1642 2104 iterum
1696 2063 1861 2126 equo
1918 2045 2147 2108 comite
2199 2037 2280 2106 in'
2320 2063 2498 2108 mare
2542 2064 2691 2126 pro-

194 2146 216 2168 *
238 2158 290 2194 P·
311 2145 402 2186 ⁷66·
432 2130 650 2194 siliens
702 2127 786 2193 ad
831 2127 1118 2204 alteram,
1173 2147 1297 2208 que
1351 2125 1767 2209 seque*batur
1782 2139 1829 2207 Β,
1886 2129 2093 2193 tendit
2160 2129 2571 2208 salandriam,
2628 2137 2691 2194 et

431 2216 513 2280 ab
549 2215 853 2278 Heinrico
888 2212 1097 2277 solum
1133 2212 1336 2276 milite
1374 2214 1532 2291 eius,
1563 2215 1673 2296 qui
1702 2213 2067 2280 Szlavonice
2094 2214 2375 2280 Zolunta
2401 2223 2685 2295 vocatur,

431 2303 680 2384 agnitus
709 2298 1184 2378 intromittitur,
1207 2305 1272 2362 et
1295 2299 1363 2362 in
1390 2298 1557 2363 lecto
1586 2301 1857 2365 senioris
1896 2301 2182 2366 eiusdem
2213 2303 2394 2365 navis
2419 2303 2687 2387 positus,

381 2463 390 2473 ,
429 2387 689 2452 tandem
717 2386 800 2451 ab
830 2387 968 2468 ipso
998 2385 1192 2450 etiam
1219 2384 1529 2467 cognitae,
1570 2387 1627 2450 si
1652 2387 1983 2469 inperator
2012 2395 2197 2466 esset,
2238 2389 2686 2471 interrogatur.

162 2490 184 2512 *
212 2501 326 2531 man·
355 2490 404 2529 E·
434 2473 559 2553 Qui
604 2495 748 2539 cum
793 2473 914 2537 hoc
957 2471 1068 2537 diu
1106 2469 1512 2536 dissimulare
1549 2470 1992 2553 *studuisseth,
2039 2473 2298 2539 tandem
2334 2474 2687 2557 professus:

436 2562 590 2643 ‘Ego
647 2560 836 2639 sum’,
891 2560 1132 2641 inquit,
1191 2558 1322 2640 ‘qui
1374 2560 1659 2639 peccatis
1711 2561 1869 2625 meis
1922 2560 1990 2624 id
2043 2560 2553 2643 promerentibus
2606 2561 2690 2625 ad

434 2648 598 2711 hanc
643 2648 787 2711 veni
830 2644 1176 2709 miseriam.
1276 2643 1402 2708 Sed
1456 2644 1613 2727 quid
1667 2646 1849 2710 nobis
1904 2647 1990 2711 sit
2030 2646 2222 2711 modo
2268 2647 2693 2712 communiter

435 2731 818 2808 faciendum,
866 2730 1208 2813 diligenter
1241 2730 1534 2812 accipite.
1624 2731 1913 2814 Optimos
1950 2754 2028 2797 ex
2058 2754 2200 2797 meo
2238 2754 2405 2798 nunc
2438 2733 2692 2817 perdidi

185 2886 207 2909 ,Κ
381 2883 396 2902 ,
417 2820 632 2883 miser
666 2818 935 2901 imperio
972 2824 1036 2882 et
1069 2822 1334 2900 propter
1375 2815 1546 2879 hunc
1595 2815 1839 2882 doloris
1875 2820 2205 2884 stimulum
2240 2840 2446 2903 neque
2482 2827 2691 2885 terras

218 2914 334 2980 mg,
353 2913 409 2979 Αἰ
435 2905 554 2970 has
608 2905 851 2969 intrare
903 2924 1020 2967 nec
1073 2903 1302 2967 horum
1357 2902 1600 2967 amicos
1655 2903 1993 2987 *umquam
2048 2926 2308 2988 possum
2353 2905 2450 2970 vel
2505 2906 2691 2989 cupio

435 2990 668 3057 videre.
755 2990 998 3055 Eamus
1041 2994 1293 3053 tantum
1340 2986 1423 3053 ad
1468 2988 1691 3055 urbem
1730 2990 2041 3070 Rossan7,
2086 2991 2199 3056 ubi
2234 3013 2379 3056 mea
2416 2993 2691 3057 coniunx

437 3098 650 3141 meum
711 3076 1104 3159 prestolatur
1173 3074 1515 3140 adventum
1609 3096 1989 3160 omnemque
2061 3079 2425 3160 pecuniam,
2496 3099 2691 3162 quam

435 3172 620 3229 teneo
646 3161 1052 3239 ineffabilem,
1096 3181 1239 3226 cum
1275 3161 1494 3227 eadem
1526 3170 1849 3227 sumentes
1883 3165 2213 3229 visitemus
2240 3164 2691 3247 imperatorem

437 3300 482 3353 a)
521 3302 576 3341 ad
603 3302 702 3341 eius
731 3303 777 3351 13
807 3300 861 3340 ad
888 3302 984 3339 eius
1010 3299 1234 3339 interitum
1261 3300 1309 3350 23
1337 3300 1490 3340 adiens
1517 3301 1689 3340 coniecit
1726 3301 1976 3353 Waanerus.
2115 3298 2165 3351 b)
2209 3304 2317 3341 inter
2341 3302 2447 3342 Iulii
2473 3304 2509 3342 et
2535 3303 2693 3343 Richa-

435 3354 550 3393 rlum
583 3356 731 3403 neptem
765 3352 854 3397 tere
888 3354 1106 3392 literarum
1139 3352 1322 3401 epatium
1361 3363 1539 3392 vacuum
1566 3354 1625 3391 eet
1659 3354 1701 3391 1.
1843 3353 1885 3403 c)
1930 3354 1947 3393 1
1972 3364 2149 3393 amum.
2282 3353 2328 3402 d)
2373 3358 2611 3394 euuentum
2637 3358 2689 3394 A.

437 3406 480 3457 e)
507 3404 568 3454 qd
591 3408 632 3446 1.
735 3404 772 3455 f)
799 3406 860 3444 ita
889 3404 970 3454 ¹⁷²3
998 3404 1129 3443 dente
1156 3404 1207 3443 A.
1313 3403 1360 3455 g)
1387 3405 1655 3453 sequabatur
1670 3404 1723 3453 A,
1751 3416 1855 3445 corr.
1887 3406 1935 3445 V.
2040 3404 2088 3458 h)
2116 3405 2417 3447 studuissaent
2441 3408 2493 3447 Ε.

439 3510 491 3576 1)
537 3510 774 3565 Udonem
812 3510 912 3571 II.,
948 3508 1122 3574 filium
1166 3508 1372 3563 Udonis
1404 3510 1456 3561 I.
1490 3509 1565 3569 (v.
1604 3510 1687 3572 II,
1724 3508 1846 3575 34),
1880 3510 2119 3576 fratrem
2154 3510 2415 3565 Komadi
2449 3512 2497 3565 I.
2534 3510 2692 3565 ducis

438 3580 704 3633 Alemarm
714 3579 802 3654 iae
838 3578 1017 3643 (982-
1030 3577 1170 3643 997),
1209 3578 1394 3632 ducem
1432 3579 1714 3633 Franciae
1748 3580 2042 3634 orientalis.
2182 3578 2235 3643 2)
2285 3580 2489 3634 Frater
2522 3580 2693 3649 ἐρίων

423 3649 546 3714 fuit
579 3648 844 3702 Iuthittae
878 3646 964 3709 II,
999 3647 1067 3700 42
1102 3654 1555 3702 commemoratae.
1686 3647 1741 3712 3)
1794 3648 2171 3703 Marchionem
2207 3649 2563 3703 Misniensem
2600 3649 2689 3703 de-

437 3718 690 3785 positam,
724 3724 937 3785 patre-m
975 3716 1291 3770 Ekkihardi
1325 3717 1681 3785 marchionis;
1718 3717 1791 3782 cf.
1826 3718 1865 3770 I
1874 3717 1937 3784 V,
1972 3718 2057 3773 39.
2194 3715 2249 3783 4)
2299 3718 2689 3772 Bur-charolum

438 3793 488 3840 et
522 3786 673 3840 Dedi
703 3785 848 3851 filios
882 3784 1130 3839 Dedonis
1165 3785 1374 3839 comitis
1406 3786 1464 3839 in
1493 3801 1642 3853 paqo
1678 3785 1976 3854 Hasseqau
2012 3785 2063 3849 (†
2091 3786 2213 3851 957)
2237 3785 2423 3853 fuisse
2453 3787 2693 3854 plerique

436 3856 754 3909 recentiores
789 3854 1056 3922 suspicati
1087 3860 1242 3919 sanm-
1295 3854 1367 3920 ef.
1404 3852 1581 3909 ‘Neue
1616 3854 1886 3910 Mitthew
1926 3855 2116 3909 XVII
2144 3854 2178 3908 Ζ.
2208 3871 2251 3909 e.
2384 3855 2437 3921 5)
2476 3855 2691 3909 Necrol.

440 3925 612 3978 Mers.
648 3924 758 3977 Iul.
798 3924 864 3977 13
888 3938 1081 3977 nomen
1106 3923 1270 3977 habet
1296 3923 1550 3979 Heinriei
1584 3924 1825 3992 episcopi
1858 3924 2192 3992 Augustani,
2227 3940 2401 3992 quem,
2438 3922 2579 3977 ‘oum
2613 3925 2694 3978 ibi

431 4009 627 4061 pugna
661 4009 782 4047 eum
818 3991 1146 4047 Sarracenis
1182 3998 1448 4059 meretur,
1479 3993 1733 4059 plurimis
1768 4009 1836 4046 ex
1870 3999 2100 4060 utraque
2128 4000 2291 4059 parte
2332 3994 2542 4059 occisis,
2579 3994 2690 4047 sive

441 4070 659 4129 captum
703 4062 816 4115 sive
858 4060 1114 4115 occisum’
1160 4076 1274 4114 esse
1323 4061 1453 4116 Vita
1505 4061 1753 4115 Udalriei
1794 4079 1838 4116 e.
1866 4063 1936 4117 28
1970 4062 2167 4128 tradim-
2214 4062 2273 4115 in
2320 4062 2481 4116 Necr.
2517 4063 2689 4116 Mers.

439 4132 548 4185 Iul.
578 4133 642 4185 16
677 4137 858 4187 tamen
892 4130 1091 4199 leqitur
1104 4150 1122 4183 .·
1159 4128 1441 4183 Heinricus
1478 4130 1751 4197 episcopus
1788 4146 1820 4184 a
1856 4130 2161 4184 Saereccnis
2197 4146 2316 4184 cum
2352 4130 2477 4183 aliis
2501 4130 2689 4183 multis

439 4199 654 4253 occisus.
726 4200 940 4254 Necrol.
967 4200 1176 4254 Luneb.
1201 4199 1311 4252 Iul.
1334 4201 1424 4254 14:
1470 4196 1532 4252 Ο.
1571 4196 1815 4253 Gunther
1850 4203 1905 4253 et
1942 4198 2059 4253 Udo
2094 4201 2150 4253 et
2186 4198 2282 4252 alii
2319 4199 2480 4253 multi
2515 4199 2689 4253 occisi.

439 4270 492 4333 6)
550 4270 919 4325 Thietmarum
973 4270 1033 4321 in
1087 4267 1427 4336 sequentibus
1462 4268 1738 4322 cantilena
1772 4269 1948 4321 latina
1963 4310 1975 4331 ,
2032 4268 2124 4321 cui
2168 4266 2393 4323 ‘Modus
2439 4269 2687 4323 Liebinc’

439 4353 630 4393 nomen
682 4344 811 4397 erat,
863 4353 1025 4391 usum
1078 4353 1193 4391 esee
1245 4336 1470 4391 Scherer
1522 4342 1684 4404 acute·
1727 4337 2115 4391 demonstravit
2170 4337 2531 4405 (Mallenhoff
2574 4337 2693 4391 und

442 4406 667 4461 Scherer
693 4406 1078 4466 ‘Denlcmaler’‚
1108 4407 1157 4460 2.
1176 4408 1369 4474 Auso„
1393 4420 1450 4472 p.
1469 4405 1615 4464 337).
1703 4404 1757 4471 7)
1784 4405 2035 4460 Rossano
2062 4406 2323 4473 oppidum
2354 4407 2413 4460 in
2432 4406 2690 4461 Calabria

442 4477 518 4531 ad
551 4476 732 4531 siriam
771 4476 1122 4529 Tarentinum
1159 4476 1336 4529 situm.
