3100 5050
197 2096 220 2120 ²*
239 2098 323 2147 sol.
339 2097 420 2141 98¹.

1052 401 1459 457 ΤΗΙΕΤΜΑΒΙ
1493 400 1758 457 ΟΗΒΟΝ.
1828 402 1965 459 LIB.
1998 402 2095 459 VI.
2606 406 2708 460 135

617 556 676 619 3.
750 555 870 640 (3.)
966 555 1221 620 Interea
1287 574 1402 619 rex
1463 554 1728 619 Italicae
1799 553 1972 618 haud
2046 556 2360 620 inmemor
2426 556 2706 620 iniuriae
2743 568 2893 623 1004.

447 644 706 721 [omnes]
766 660 918 705 suos
975 638 1196 705 fideles
1248 638 1336 704 ad
1386 638 1559 704 hanc
1625 639 2059 704 ulciscendam
2112 640 2412 705 hortatur
2476 662 2549 705 ac
2611 641 2708 705 in-

445 725 647 791 stanti
704 724 1201 809 quadragesima
1257 726 1397 807 ipse
1453 723 1529 788 eo
1588 744 1734 789 cum
1791 731 2043 789 armato
2103 726 2303 790 milite
2365 723 2709 790 destinavit
2734 744 2954 785 rennes.

443 829 729 893 pergere.
838 812 886 871 A
950 809 1326 891 Merseburg
1379 816 1533 874 tunc
1590 810 1811 873 exiens
1888 810 2098 873 sancti
2162 810 2461 875 Mauricii
2532 810 2709 891 apud

447 896 652 959 Deum
709 895 1233 960 intercessionem
1286 894 1665 977 itinerisque
1716 897 2213 978 prosperitatem
2265 894 2709 977 Magadaburg

444 980 644 1062 peciit
659 978 704 1043 ¹.
803 978 961 1044 Inde
1015 991 1168 1063 per⁸
1219 978 1614 1061 Thuringiae
1672 980 2127 1063 orientalisque
2184 977 2342 1043 fines
2398 979 2709 1044 Franciae

445 1064 770 1128 transiens
813 1063 899 1127 ad
942 1063 1366 1129 Ratisbonam
1410 1066 1611 1143 venit3
1668 1064 1887 1147 ibique
1940 1063 2164 1129 habito
2216 1064 2418 1147 regali
2469 1065 2709 1148 placito

443 1149 638 1213 militi
682 1150 918 1213 suimet
960 1169 1322 1231 generoque
1357 1146 1707 1213 Heinrico²
1748 1148 1896 1215 XII.
1924 1150 2069 1215 Kal.
2100 1150 2341 1231 Aprilis
2386 1170 2531 1213 cum
2568 1170 2704 1213 om·
2731 1169 2863 1209 mn.
2881 1168 2950 1209 21.

444 1235 621 1297 nium
686 1233 877 1299 laude
933 1234 1328 1319 presentium
1405 1254 1678 1317 cumque
1760 1233 1951 1299 hasta
2030 1234 2336 1317 signifera
2400 1233 2711 1299 ducatum

447 1318 623 1383 dedit
634 1316 683 1383 3.
777 1318 1021 1383 Dehinc
1056 1320 1498 1402 Augustanam
1545 1318 1773 1383 urbem
1815 1319 2049 1383 itinere
2097 1319 2416 1401 attingens
2460 1340 2501 1383 a
2547 1318 2711 1401 Sigi-

447 1403 619 1468 frido
677 1404 969 1468 antistite
1028 1405 1205 1485 [eius]
1269 1402 1733 1469 honorabiliter
1792 1403 2227 1469 introducitur
2287 1412 2351 1468 et
2411 1403 2711 1471 habetur.

445 1488 545 1551 Ibi
604 1495 758 1553 tunc
810 1488 972 1553 duas
1028 1494 1281 1553 tantum
1333 1496 1554 1554 noctes
1608 1496 2040 1553 commoratus
2103 1490 2362 1571 reginae
2416 1487 2712 1571 diligenti

447 1573 834 1638 salutatione
876 1573 1204 1639 licentiam
1252 1572 1431 1638 dedit
1487 1573 1571 1637 ad
1621 1572 1963 1638 Saxoniam
2019 1573 2303 1638 abeundi
2345 1574 2711 1657 dilectoque

445 1658 626 1724 eamb
689 1659 1010 1723 commisit
1069 1658 1403 1741 Taginoni.
1514 1658 1661 1739 Ipse
1724 1664 1938 1723 autem
2008 1679 2151 1722 cum
2214 1660 2498 1724 exercitu
2562 1677 2710 1739 pro-

441 1742 735 1825 greditur
778 1765 984 1827 usque
1029 1743 1115 1807 ad
1159 1744 1372 1807 locum
1418 1743 1532 1826 qui
1576 1742 1889 1825 'nugae-4
1932 1742 2193 1811 dicitur.
2290 1741 2391 1807 Ibi
2438 1743 2710 1808 domnus

442 1828 682 1906 Bron0‚
737 1828 941 1893 frater
994 1829 1160 1905 eiuS,
1215 1848 1362 1891 cum
1405 1826 1747 1909 Ungaricis
1799 1828 2335 1893 intercessoribus
2387 1830 2527 1911 regi
2569 1848 2710 1912 pre-

441 1920 739 1978 sentatur
793 1919 859 1977 et
901 1912 985 1977 ab
1029 1933 1107 1975 eo
1154 1912 1308 1977 data
1362 1911 1490 1975 sibi
1533 1914 1745 1994 gratia
1787 1912 2296 1978 misericorditer
2340 1914 2708 1996 suscipitur.

443 1998 763 2081 Equidem
829 1997 913 2061 ab
967 1997 1449 2080 archiepiscopo
1494 1996 1821 2081 Taginone
1885 2003 2155 2080 rogatus
2216 1997 2301 2061 ad
2352 1999 2710 2080 predictam

446 2082 816 2147 civitatem⁵
857 2081 1005 2145 veni
1065 2088 1134 2146 et
1192 2101 1335 2146 cum
1389 2080 1615 2146 eodem
1668 2082 1883 2148 *redii
1979 2083 2283 2148 Venimus
2334 2083 2417 2147 ad
2474 2084 2711 2148 saltum

447 2166 721 2231 Geronis
733 2166 769 2211 ⁶·
841 2166 1060 2249 ibique
1120 2187 1268 2231 cum
1335 2166 1685 2231 venerabili
1755 2167 2090 2232 abbatissa
2152 2168 2399 2233 Hathui
2458 2169 2709 2252 palmas
2735 2185 2901 2236 Art-⁹·

447 2251 844 2316 sollemniter
900 2251 1286 2335 peregimus;
1361 2250 1540 2315 11112
1610 2251 1775 2318 feria
1836 2252 1921 2316 ad
1986 2252 2425 2335 Magadaburg
2484 2253 2709 2335 regina
2734 2269 2845 2321 Apr-
2866 2272 2934 2311 12·

444 2336 703 2401 veniens
774 2356 999 2400 cenam
1062 2336 1321 2400 Domini
1395 2345 1462 2400 et
1521 2336 2017 2418 subsequentem
2076 2337 2439 2402 dominicae
2498 2358 2712 2401 resur·
2737 2355 2844 2406 Apr.
2866 2357 2934 2397 13.

442 2421 760 2486 reccionis
805 2421 1350 2504 sollempnitatem
1395 2421 1635 2486 ibidem
1682 2419 2045 2489 celebravit.
2732 2441 2843 2491 Apr.
2864 2442 2932 2481 16.

603 2506 674 2571 4.
732 2505 850 2592 (4.)
929 2506 1070 2570 Rex
1121 2513 1340 2571 autem
1390 2529 1508 2591 per
1562 2506 1800 2572 multas
1854 2508 2107 2572 itineris
2158 2507 2581 2590 asperitatesd
2626 2505 2709 2571 ad

442 2591 862 2657 Tridentum0
896 2593 1159 2656 veniens
1204 2591 1431 2656 urbem
1476 2591 1571 2656 ibi
1614 2593 1975 2674 palmarum
2021 2591 2189 2657 festa
2232 2593 2386 2656 colit
2428 2599 2494 2657 et
2532 2612 2711 2656 exer·
2736 2613 2846 2662 Apr.
2866 2613 2907 2652 9.

443 2677 644 2742 citum
691 2678 875 2742 nimii
911 2677 1153 2741 laboris
1188 2677 1575 2741 necessitate
1610 2675 1926 2741 afflictum
1962 2678 2084 2742 hac
2120 2677 2354 2742 celebri
2392 2677 2711 2760 [sollemp-

443 2763 666 2844 nitate]
731 2761 1066 2844 paululum
1136 2762 1462 2842 respirare
1540 2762 1851 2844 permisit.
1975 2762 2178 2839 Quem
2257 2762 2711 2826 adventantem

443 2845 824 2929 Hardwigus
871 2851 1020 2927 [rex]
1064 2848 1391 2930 presciens
1436 2866 1512 2909 ac
1557 2847 1835 2910 multum
1880 2867 2305 2930 expavescens
2365 2846 2448 2911 ad
2501 2847 2711 2910 muni-

446 2931 662 2996 ciones
713 2938 1298 3014 supramemoratas
1351 2931 1614 2996 nuntios
1666 2930 1971 3013 probatos
2024 2932 2230 3010 misit3
2294 2933 2431 3014 ipse
2493 2936 2712 2995 autem

447 3015 735 3081 collectis
787 3015 1154 3096 agminibus
1210 3017 1276 3080 in
1324 3016 1710 3080 Veronensis
1765 3017 2042 3100 planicie
2096 3017 2432 3081 considens
2494 3035 2713 3099 spera-

446 3099 562 3164 bat
612 3103 940 3182 presentia
991 3101 1321 3182 preteritis
1374 3101 1919 3185 prosperitatibus
1972 3101 2247 3166 forsitan
2306 3099 2710 3184 respondere.

447 3185 635 3250 Hunc
687 3187 1036 3251 transitum
1080 3185 1425 3250 Heinricus
1479 3207 1595 3250 rex
1646 3186 2071 3251 interclusum
2124 3192 2241 3252 aut
2280 3187 2386 3250 vix
2438 3191 2553 3251 aut
2604 3206 2713 3250 ne·-

447 3291 771 3353 quaquam
843 3269 1338 3354 expugnandum
1405 3271 1745 3354 comperit;
1811 3277 1875 3336 et
1931 3271 2060 3335 alio
2117 3291 2186 3336 se
2247 3276 2501 3336 vertens
2567 3291 2712 3334 cum

447 3356 583 3420 suis
652 3361 894 3420 tractat
962 3355 1422 3432 familiaribus,
1508 3358 1567 3419 si
1636 3355 1849 3420 clusas
1921 3356 2070 3420 hinc
2141 3357 2329 3438 longe
2390 3353 2715 3421 remotas⁷

447 3441 834 3504 Carentanis
917 3440 1382 3504 auxiliantibus
1481 3440 1868 3524 intercipere
1964 3441 2293 3505 ullatenus
2384 3441 2713 3507 valuisset.

450 3524 638 3604 Quod
690 3525 958 3589 consilio
1009 3525 1343 3608 prudenti,
1408 3526 1700 3608 quamvis
1754 3525 2030 3590 arduum
2092 3527 2312 3591 multis
2365 3524 2711 3603 videretur,

445 3685 490 3738 a)
515 3687 648 3736 Iuper
665 3689 706 3726 1.
810 3685 857 3736 b)
882 3683 935 3726 ea
951 3689 990 3726 1.
1095 3685 1138 3737 c)
1165 3689 1225 3726 ita
1245 3688 1345 3726 Tin
1361 3699 1530 3736 rasura,
1557 3663 1585 3735 ἆ
1605 3714 1615 3725 .
1641 3716 1650 3725 .
1672 3713 1684 3726 .
1704 3687 1809 3736 iuga
1824 3686 1881 3735 ⁴13
1919 3687 2074 3734 'roaga
2092 3687 2143 3726 A.
2163 3687 2211 3727 S.
2322 3687 2368 3736 d)
2395 3685 2649 3737 asperitatis
2668 3687 2709 3726 1.

446 3739 491 3788 e)
528 3739 761 3778 tridentem
786 3740 828 3778 1.
958 3738 996 3787 f)
1031 3739 1344 3778 numeronensi
1367 3738 1428 3789 A,
1467 3747 1575 3778 num
1618 3739 1732 3778 linea
1765 3738 1915 3778 delevit
1939 3741 1977 3778 d
2000 3749 2032 3778 v
2067 3739 2364 3788 superscripsit
2396 3739 2451 3788 Τ,
2496 3740 2645 3788 panea
2679 3747 2709 3776 n

447 3791 486 3829 et
508 3799 552 3827 m
579 3801 716 3838 σασα,
741 3790 788 3828 ut
814 3790 935 3828 reciet
962 3790 1240 3829 uveronensi.

450 3918 502 3982 1)
547 3918 643 3971 Ibi
697 3917 884 3984 adfuit
930 3917 1125 3973 charta
1172 3916 1434 3983 (Stumpf‘
1470 3917 1631 3980 1372)
1683 3921 1812 3972 teste
1862 3918 2029 3974 Febr.
2064 3919 2156 3980 243
2210 3915 2450 3972 ‘Jahrw
2487 3917 2541 3982 Ι,
2588 3915 2710 3971 300.

447 3986 502 4050 2)
547 3986 743 4041 Fratri
788 3984 1149 4055 Guniyundae
1195 3985 1437 4053 reyinae,
1485 3984 1602 4051 filio
1650 3983 1914 4052 sigifridi
1956 3987 2438 4053 Litteelburyensis
2487 3984 2713 4040 comitia.

447 4052 502 4118 3)
543 4055 666 4117 Qua
700 4055 760 4107 in
793 4069 852 4108 re
886 4055 1070 4121 ipsum
1105 4069 1164 4108 se
1198 4052 1452 4118 adfuisse
1487 4052 1838 4108 ssietmarus
1874 4055 2047 4122 paulo
2082 4055 2240 4120 infra
2276 4054 2432 4118 dicia·
2485 4052 2718 4107 Italicae

447 4127 500 4175 et
545 4122 842 4176 Boemicae
883 4122 1316 4190 expeditionibus
1359 4121 1419 4174 in
1466 4135 1513 4174 e.
1548 4121 1659 4174 4—
1673 4120 1741 4174 15
1797 4137 1909 4176 non
1956 4122 2141 4176 minus
2186 4123 2398 4188 copiose
2445 4120 2718 4175 enarratis

447 4189 602 4244 haud
625 4191 737 4244 scio
765 4208 840 4244 an
866 4190 1170 4245 Heinricus
1193 4189 1372 4256 frater
1396 4188 1518 4242 eius
1542 4187 1872 4254 interfuerit.
1925 4187 2009 4254 C'f.
2028 4189 2184 4256 infra
2212 4205 2256 4244 c.
2278 4191 2362 4244 15.
2454 4188 2509 4254 4)
2550 4189 2718 4244 Nunc

451 4256 725 4326 ninyam,
763 4273 938 4326 prope
984 4259 1252 4314 civitatem
1300 4256 1589 4322 Kampten.
1667 4257 1738 4310 L.
1894 4258 1949 4322 5)
1998 4257 2128 4312 Non
2166 4257 2423 4326 Thiwau
2457 4257 2717 4318 videlicet,
2786 4287 2809 4306 0

449 4326 547 4378 sed
583 4327 936 4394 Reqensbury
972 4335 1072 4382 aut
1105 4324 1416 4395 Anysbury.
1549 4323 1604 4389 6)
1642 4323 1923 4380 Gemrode
1956 4327 2018 4380 in
2045 4326 2251 4381 ducatu
2278 4326 2597 4380 Anhaltim.
2649 4327 2723 4378 L.
2757 4363 2762 4370 -

449 4391 505 4456 7)
540 4394 612 4446 In
648 4393 852 4456 fint'bue
884 4396 1100 4450 urbium
1148 4395 1384 4448 Vicenza
1419 4397 1470 4446 et
1505 4391 1727 4449 Treviso
1761 4396 1932 4459 sitas,-
1968 4392 2208 4449 ‘Jahrb.’
2246 4395 2295 4458 Ι,
2331 4395 2450 4450 303.
