3100 5050
287 579 409 635 984.

247 2839 321 2868 un.
341 2829 407 2868 29.

441 435 511 488 68
1027 433 1435 489 ΤΗΙΕΤΜΑΒΙ
1470 433 1731 490 ΟΗΒΟΝ.
1804 435 1943 492 LIB.
1979 436 2115 490 1111.

444 585 626 665 Eid⁸,
671 593 931 652 nostrae
978 589 1488 672 congregationis
1533 589 1754 668 frater,
1800 590 1896 654 vir
1939 590 2147 655 iustus
2193 594 2259 654 et
2290 610 2518 673 magne
2554 591 2704 655 sim-

438 671 778 755 plicitatis,
835 669 1173 738 ordinatur
1215 675 1476 740 hortatu
1521 675 1811 741 Gisilleri
1854 675 2338 760 archipresulis,
2395 675 2475 740 de
2519 677 2703 741 cuius

440 757 703 823 inclitab
751 760 1243 825 conversacione
1288 761 1493 825 multa
1537 760 1623 825 ad
1662 759 2133 828 edificationem
2170 767 2458 826 nostram
2492 762 2701 841 utilia,

441 864 588 908 cum
635 849 884 929 tempus
930 843 1146 924 fuerit,
1190 846 1487 924 narrabo,
1533 868 1706 912 nunc
1748 848 2023 931 inceptis
2065 847 2434 930 persistens.

613 932 672 997 7.
728 929 848 1014 (6.)
928 930 1198 996 Interim
1253 930 1534 996 fautores
1596 933 1766 1016 regis
1816 932 2283 998 willehelmum
2341 933 2637 998 comitem
2657 932 2700 1010 ¹,

441 1015 590 1080 duci
641 1016 833 1082 nimis
888 1015 1304 1095 familiarem,
1371 1018 1438 1081 in
1493 1017 1815 1084 wimeric-
1833 1017 1862 1063 2
1915 1019 2315 1101 possidentes
2378 1024 2701 1103 comperto

439 1101 722 1166 eiusdem
779 1101 1057 1188 adventu
1117 1101 1229 1167 illo
1285 1101 1599 1168 festinant
1658 1125 1737 1169 ac
1786 1104 1971 1168 iuxta
2024 1105 2267 1183 villam,
2334 1125 2499 1188 quae
2544 1103 2701 1169 Iteri

440 1186 748 1268 dicitur-³,
813 1188 1261 1253 convenientes
1333 1194 1546 1254 castra
1612 1191 1835 1254 metati
1888 1197 2064 1269 sunt,
2142 1191 2424 1256 crastino
2479 1196 2703 1255 contra

439 1294 587 1338 eum
657 1272 976 1340 bellaturi.
1106 1272 1288 1351 Quod
1359 1295 1506 1339 cum
1577 1274 1807 1340 ducem
1875 1276 2169 1360 protinus
2245 1297 2371 1341 non
2449 1276 2699 1354 lateret,

439 1359 807 1424 Gisillerum
853 1359 980 1422 huc
1025 1358 1204 1424 misit
1245 1359 1822 1445 archiepiscopum,
1884 1361 1995 1443 qui
2039 1361 2435 1426 voluntatem
2479 1381 2701 1426 eorum
2742 1377 2746 1380 ’

437 1445 843 1528 perquireret
875 1464 1244 1529 pacemque,
1296 1445 1352 1509 si
1386 1447 1705 1530 potuisset
1740 1445 1875 1511 ulla
1911 1443 2049 1509 fieri
2076 1447 2355 1525 racione,
2392 1447 2697 1512 firmaret.

439 1529 563 1595 Hic
633 1551 780 1596 cum
848 1530 1210 1596 senioribus
1292 1527 1692 1614 congregastis
1764 1551 1927 1596 *suae
2005 1531 2343 1613 legationis
2422 1534 2703 1617 aperiret

440 1621 786 1694 secretum,
849 1614 1091 1680 dictum
1147 1621 1247 1680 est
1297 1615 1382 1681 ab
1436 1616 1565 1681 his:
1630 1618 1688 1681 si
1739 1637 1951 1700 regem
2007 1637 2192 1681 suum
2247 1623 2313 1680 et
2374 1617 2701 1682 dominum

437 1700 706 1767 reddere
749 1701 970 1782 nilque
1016 1701 1095 1766 de
1137 1700 1332 1766 rebus
1378 1703 1512 1767 suis
1554 1708 1770 1786 preter
1814 1700 2215 1784 Merseburg,
2279 1701 2590 1770 Walbizi4
2636 1709 2703 1769 et

437 1787 688 1852 Frasu⁵
733 1786 817 1851 ad
863 1793 1486 1872 supramemoratum
1532 1787 1702 1852 diem
1746 1788 1873 1853 sibi
1921 1787 2208 1852 detinere
2255 1788 2561 1852 voluisset
2604 1787 2701 1851 id-

439 1894 563 1957 que
627 1874 1050 1938 sacramentis
1116 1873 1535 1939 credibilibus
1596 1873 2014 1958 approbaret,
2087 1872 2262 1957 quod
2331 1878 2485 1938 tunc
2554 1894 2699 1939 cum

439 1959 788 2024 securitate
833 1977 1055 2024 eorum
1102 1979 1182 2023 ex
1223 1965 1410 2043 parte
1454 1959 1855 2026 consolidata
1898 1959 2049 2025 huic
2088 1959 2269 2024 abire
2305 1958 2552 2036 liceret;
2600 1960 2703 2024 sin

439 2051 674 2123 autem,
721 2043 895 2128 quod
938 2042 1131 2110 eundi
1165 2043 1645 2130 redeundique<¹
1678 2045 1893 2111 nullus
1927 2045 2067 2110 vivo
2101 2050 2463 2130 patesceret
2496 2044 2697 2110 locus.
2768 2067 2771 2069 ’

439 2129 608 2208 Quid
651 2130 880 2215 plura?
938 2129 1245 2214 quicquid
1288 2138 1663 2214 exposcunt,
1711 2132 1992 2196 crastino
2035 2131 2385 2215 impetrant
2428 2151 2701 2215 eumque

438 2215 522 2280 ad
567 2214 968 2300 Mei-seburg,
1023 2215 1136 2280 ubi
1181 2215 1438 2280 ductrix
1481 2214 1711 2281 Gislass
1754 2216 1975 2299 *longo
2019 2217 2225 2281 tristis
2279 2215 2545 2282 sedebat
2588 2217 2701 2281 ab·

438 2323 644 2378 cessu,
691 2301 785 2367 hii
829 2300 1232 2366 discedentes
1274 2302 1370 2367 ire
1415 2303 1816 2383 permittunt.
1912 2301 1979 2366 Is
2024 2321 2173 2367 vero
2221 2323 2359 2366 cum
2406 2301 2703 2368 fidelibus

437 2388 572 2452 suis
612 2388 866 2472 singula
901 2408 1194 2471 quaeque
1223 2387 1579 2453 discutiens
1614 2409 1809 2472 seque
1836 2386 1918 2452 ob
1946 2388 2069 2452 Dei
2096 2388 2390 2452 timorem
2417 2389 2702 2471 patriae-

437 2493 562 2558 que
607 2473 880 2539 salutem
926 2494 967 2538 a
1009 2473 1376 2558 proposit00
1431 2494 1833 2541 recessurum
1888 2493 2006 2539 suo
2048 2474 2362 2540 veraciter
2405 2473 2701 2540 indicans

437 2565 652 2643 grates
697 2559 926 2625 auxilii
969 2560 1202 2624 suimet
1245 2580 1324 2624 ac
1359 2560 1565 2626 bonae
1601 2560 1949 2625 voluntatis
1986 2560 2339 2643 condignas
2374 2559 2575 2626 refert
2616 2566 2700 2639 et,

437 2652 512 2711 ut
553 2666 700 2795 cuin
742 2644 856 2709 illo
901 2644 986 2709 ad
1032 2644 1396 2711 condictum
1439 2652 1784 2731 pergerent
1833 2646 2032 2728 diem,
2090 2667 2310 2712 omnes
2362 2648 2702 2712 caritative

435 2737 630 2816 postu
653 2737 743 2795 at.

607 2820 667 2885 8.
762 2817 1042 2882 Ventum
1104 2825 1204 2882 est
1264 2815 1350 2881 ad
1411 2816 1587 2882 Rara
1654 2816 1738 2882 ab
1808 2815 2306 2901 inperatricibus
2366 2818 2435 2882 in
2498 2817 2701 2902 Papia

435 2902 772 2968 humiliter
829 2902 1114 2967 divinam
1172 2902 1679 2968 consolationem
1753 2902 1879 2967 huc
1936 2924 2137 2987 usque
2198 2902 2699 2988 prestolantibus

437 2994 502 3054 et
543 2988 627 3053 ab
671 2989 988 3055 universis
1032 2989 1287 3070 imperii
1329 3009 1407 3053 ac
1449 2988 1631 3072 regni
1684 2988 2106 3072 principibus;
2161 2987 2497 3073 fidelisque
2549 3009 2698 3071 pro-

435 3074 658 3139 missio
714 3072 898 3139 ducis
951 3075 1334 3157 completur,
1389 3073 1546 3139 data
1598 3074 1875 3153 cunctis,
1932 3075 2046 3158 qui
2098 3074 2180 3138 ad
2234 3096 2499 3158 regnum
2551 3095 2695 3158 per-

434 3160 748 3239 tinebant,
785 3158 997 3243 gratia
1033 3160 1136 3224 sui
1170 3158 1579 3244 abeundique
1614 3160 1895 3225 licentia.
1985 3160 2185 3225 Stella
2220 3181 2261 3224 a
2296 3160 2433 3224 Deo
2469 3159 2697 3241 prede-

435 3245 661 3310 stinati
711 3246 982 3311 rectoris
1034 3244 1252 3310 media
1296 3243 1400 3309 die
1443 3244 1855 3310 cernentibus
1909 3244 2224 3310 universis
2280 3244 2458 3310 clara
2500 3245 2698 3310 reful-

436 3328 582 3397 sit7.
671 3331 778 3396 Fit
830 3352 995 3396 unus
1041 3330 1353 3396 laicorum
1397 3338 1593 3414 atque
1639 3330 2053 3396 *clericorum
2098 3331 2165 3393 in
2212 3329 2452 3395 Christi
2505 3329 2697 3395 laude

435 3421 782 3483 concentus
837 3437 916 3481 ac
968 3418 1146 3501 prius
1190 3418 1685 3500 repugnantium
1734 3416 2004 3501 supplex
2039 3414 2329 3494 affectus,
2373 3416 2696 3482 convenit-

435 3522 559 3586 que
603 3504 669 3566 in
706 3524 902 3567 unum
950 3502 1210 3567 dissona
1245 3501 1438 3568 turba
1481 3502 1853 3568 dominium.
1945 3502 2081 3566 Rex
2118 3502 2190 3565 af
2220 3502 2456 3567 suimet
2492 3506 2696 3566 matre

433 3590 706 3671 aviaque
776 3588 1116 3672 diligenter
1185 3599 1549 3671 succeptus,
1624 3588 1929 3654 Hoiconis
2000 3588 2371 3671 magisterio
2442 3587 2695 3651 comitis

434 3675 792 3739 conmissus
845 3682 962 3743 est.
1055 3674 1233 3739 Inter
1277 3693 1492 3758 regem
1537 3681 1606 3740 et
1658 3672 1883 3739 ducem
1935 3695 2065 3759 pax
2116 3671 2439 3751 firmatur,
2492 3693 2697 3756 usque

435 3758 522 3824 ad
568 3766 1125 3843 supramemorata
1170 3759 1506 3826 Bisinstidi
1547 3765 1760 3845 prata,
1806 3761 2096 3846 utrisque
2142 3781 2262 3826 sua
2304 3758 2695 3844 petentibus.

433 3845 971 3911 convenientibus
1031 3852 1250 3911 autem
1311 3845 1412 3910 his
1472 3847 1787 3912 malorum
1855 3847 2161 3913 instinctu
2216 3846 2282 3911 in
2338 3846 2512 3913 malo
2567 3845 2696 3911 dis-

431 3980 477 4040 3)
511 3983 557 4023 id
582 3983 635 4032 B,
663 3995 771 4025 corr.
793 3986 842 4024 T.
973 3982 1022 4034 b)
1055 3993 1218 4023 meum
1245 3985 1304 4023 eet
1330 3984 1370 4021 1.
1503 3982 1545 4033 c)
1583 3984 1775 4024 animari
1801 3985 1848 4026 V.
1967 3982 2017 4034 d)
2042 3983 2285 4032 mundique
2310 3985 2350 4024 1.
2468 3982 2513 4031 e)
2540 3984 2601 4023 ita
2640 3983 2693 4030 V,-

433 4036 612 4084 pposito
639 4034 694 4075 B.
799 4034 836 4085 f)
861 4035 917 4075 ab
940 4063 952 4075 .
975 4064 984 4074 .
1006 4063 1018 4075 .
1041 4064 1052 4077 .
1073 4033 1235 4074 sulmet
1260 4044 1317 4074 ex
1342 4039 1481 4074 matre
1507 4036 1562 4075 Β.

434 4125 487 4186 1)
535 4122 927 4178 Willehelmum
970 4122 1058 4176 II.
1105 4120 1162 4186 (†
1201 4122 1354 4186 1003)
1366 4140 1380 4185 ;
1437 4118 1506 4187 cf.
1545 4122 2009 4187 Knochenhauer,
2056 4119 2270 4175 ‘Ge-sch.
2311 4120 2691 4188 Tharmaens’.

431 4190 486 4256 2)
540 4191 794 4248 Weimar.
931 4190 986 4253 3)
1022 4191 1240 4259 Eythra
1277 4205 1448 4259 prope
1482 4190 1776 4244 Zwenkau.
1924 4190 1978 4254 4)
2026 4189 2285 4242 Walbeck
2320 4189 2582 4255 oppidum
2618 4188 2695 4241 ad

432 4259 676 4314 Alleram
703 4274 877 4327 prope
917 4258 1230 4313 Helmstedt.
1369 4258 1424 4324 5)
1460 4260 1675 4314 Frohse
1709 4259 1967 4325 oppidum
2004 4257 2081 4311 ad
2115 4258 2298 4311 Albim
2327 4258 2500 4325 paulo
2535 4254 2693 4323 infra

431 4326 785 4383 Schonebeck.
938 4325 992 4393 6)
1047 4327 1297 4381 Heium-i
1343 4328 1502 4383 ducis
1548 4328 1831 4382 Bavariae
1878 4340 2037 4393 uxor,
2076 4324 2210 4391 filia
2258 4324 2503 4379 Gonradi
2545 4341 2604 4379 re
2642 4325 2693 4379 is

430 4396 812 4463 Buryundiae,
845 4395 945 4465 qui
977 4401 1094 4450 erat
1115 4396 1302 4460 frater
1331 4396 1667 4451 Adelheidae
1701 4394 2081 4461 imperameia.
2144 4392 2301 4448 URS.
2444 4394 2500 4457 7)
2538 4395 2581 4448 I
2641 4411 2693 4447 m

428 4463 678 4535 referunt
714 4468 860 4519 Anu.
901 4464 1088 4527 Quedl.
1124 4480 1176 4517 a.
1202 4465 1330 4527 984;
1366 4466 1438 4533 cf.
1474 4470 1657 4519 tamen
1692 4462 1898 4518 ‘Neues
1933 4462 2155 4517 Archiv'
2196 4462 2351 4517 XIV
2380 4462 2416 4517 Ζ.
2453 4479 2499 4519 c.

2730 2237 2958 2288 *soz.5s⁴.
3076 2219 3083 2228 ’

2725 3347 2748 3371 *
2769 3361 2820 3397 p.
2842 3350 2933 3389 ΠΟ.

3078 2291 3087 2326 l
