3100 5050
254 524 405 579 1017.

210 2076 331 2125 Sept.
350 2077 415 2117 19.

256 2367 354 2408 Oct.
374 2372 413 2410 1.

256 2625 355 2666 Oct.
374 2628 415 2667 6.

442 361 545 415 232
928 357 1331 414 ΤΗΙΕΤΜΑΒΙ
1364 356 1626 414 CHRON.
1693 357 1834 414 LIB.
1869 359 2008 414 VIII
2043 359 2210 427 (VH).

438 512 661 597 paucis
719 511 1172 578 excedentibus
1236 512 1582 579 incurrere.
1688 510 1816 578 Sed
1866 512 2098 579 Liutici
2150 511 2490 580 redeuntes
2534 515 2691 580 irati

442 595 719 663 dedecus
788 598 947 663 deae
1018 598 1251 663 suimet
1316 598 1570 662 illatum
1643 605 2017 680 queruntur.
2129 598 2296 664 Nam
2365 600 2520 665 haec
2599 599 2644 688 [i

442 682 687 748 vexillis
755 681 1055 772 formata]
1133 705 1174 748 a
1244 682 1524 768 quodam
1587 683 1998 749 Herimanni⁸
2056 684 2447 750 marchionis
2516 687 2691 752 socio

439 768 651 853 lapide
696 790 823 833 uno
865 771 1139 836 traiecta
1182 776 1303 847 est;
1350 775 1415 834 et
1455 768 1609 833 dum
1655 768 1778 833 hoc
1820 770 2099 835 ministri
2141 771 2280 836 eius
2315 771 2691 855 imperatori

442 855 729 920 dolenter
755 856 1148 933 retulissent,
1176 855 1260 921 ad
1286 852 1802 920 emendationem
1830 855 1956 919 XII
1977 856 2225 921 talenta
2250 864 2691 942 perceperunt.

442 941 529 1005 Et
563 961 707 1006 cum
743 942 927 1007 iuxta
955 941 1195 1006 Vurcin
1230 941 1557 1007 civitatem
1584 939 1851 1005 Mildam
1887 941 2079 1007 nimis
2113 940 2384 1008 effusam
2410 945 2690 1008 transire

442 1027 812 1104 voluissent,
874 1026 1060 1093 deam
1118 1047 1264 1092 cum
1325 1027 1537 1110 egreio
1597 1025 1647 1090 L
1709 1027 1985 1092 militum
2048 1029 2356 1095 comitatu
2418 1029 2689 1094 alteram

441 1111 792 1196 perdidere.
897 1112 1057 1178 Tam
1112 1113 1281 1178 malo
1352 1112 1565 1177 omine
1637 1112 1882 1177 residui
1951 1113 2210 1178 domum
2267 1114 2588 1180 venientes
2648 1136 2690 1179 a

443 1199 709 1264 servicio
762 1199 1041 1264 caesaris
1094 1219 1163 1263 se
1215 1197 1531 1264 malorum
1582 1199 1889 1264 instinctu
1945 1198 2314 1264 abalienare
2363 1201 2688 1279 nituntur-3

443 1284 555 1349 sed
619 1283 843 1350 habito
908 1291 1056 1366 post
1123 1284 1444 1350 communi
1501 1284 1736 1348 suimet
1786 1284 2024 1368 placito
2081 1305 2122 1348 a
2176 1284 2500 1368 prioribus
2556 1287 2690 1350 suis

442 1375 919 1437 convertuntur.
1035 1369 1344 1436 Laborem
1406 1369 1596 1435 istius
1655 1369 1903 1434 itineris
1965 1380 2031 1435 et
2092 1391 2426 1436 commune
2495 1372 2690 1437 detri-

442 1464 723 1523 mentum
764 1456 912 1538 quis
953 1476 1258 1541 umquam
1293 1455 1463 1522 valet
1506 1455 1866 1538 explicare?
1953 1455 2496 1539 Inexsuperabilis
2531 1458 2692 1523 Boe-

441 1543 609 1607 miae
670 1541 947 1625 regionis
1010 1542 1339 1616 introitus,
1412 1541 1524 1606 sed
1591 1541 1793 1606 multo
1863 1541 2143 1607 deterior
2211 1541 2499 1608 eiusdem
2566 1543 2692 1608 fuit

442 1629 672 1693 exitus,
778 1628 975 1693 Facta
1026 1634 1124 1693 est
1167 1626 1327 1692 haec
1374 1625 1710 1710 expedicio
1756 1626 1838 1692 ad
1891 1628 2236 1709 perniciem
2284 1627 2516 1708 bostis3
2579 1628 2690 1694 sed

442 1714 708 1779 crimine
750 1719 967 1778 nostro
1012 1713 1280 1778 multum
1336 1712 1481 1778 lesit
1523 1712 1872 1778 victoribus
1925 1713 2184 1778 nostris·
2285 1714 2470 1792 Quod
2519 1715 2688 1780 enim

442 1807 594 1864 tunc
637 1799 705 1864 in
748 1799 937 1864 nobis
983 1821 1107 1863 non
1151 1799 1335 1864 licuit
1377 1799 1674 1877 inimicis,
1719 1805 2049 1882 peractum
2086 1806 2183 1864 est
2215 1805 2446 1882 postea
2480 1801 2691 1865 crimi-

443 1885 631 1949 nibus
690 1885 946 1948 nostris.
1064 1882 1349 1950 Defleam
1416 1903 1696 1968 quoque,
1771 1884 1940 1968 quod
2005 1885 2310 1950 Bolizlavi
2380 1886 2692 1952 satellites

442 1973 614 2037 inter
669 1970 877 2034 Albim
931 1976 997 2035 et
1048 1969 1313 2034 Mildam
1366 1970 1617 2035 facinus
1670 1970 2146 2054 perpetrabant.
2253 1970 2542 2056 Namque
2603 1972 2694 2036 hii

444 2059 624 2121 iussu
660 2056 931 2122 senioris
963 2057 1063 2120 sui
1098 2056 1401 2121 velociter
1434 2057 1677 2138 egressi
1713 2055 1890 2122 XIII.
1918 2056 2064 2122 Kal.
2093 2056 2232 2122 oct.
2285 2056 2462 2142 *plus
2499 2077 2690 2142 quam

441 2143 616 2207 mille
663 2143 981 2226 mancipia
1024 2141 1091 2206 in
1144 2142 1266 2206 biis
1322 2141 1620 2226 partibus
1673 2149 2082 2224 sumpserunt
2139 2143 2544 2227 plurimaque
2595 2144 2691 2208 in-

442 2228 665 2294 cendio
708 2229 835 2294 late
880 2234 1325 2293 consumentes
1370 2247 1674 2312 prospero
1717 2227 1947 2292 itinere
1993 2235 2419 2295 revertuntur.

612 2350 713 2415 65.
760 2347 923 2433 (48.)
995 2347 1333 2432 Inperator
1384 2353 1598 2412 autem
1657 2345 1798 2414 Kal.
1838 2346 2097 2412 Octobr.
2143 2345 2480 2432 Mersburg
2523 2349 2693 2413 venit

440 2435 660 2517 ibique
705 2431 1147 2499 Ekkihardum
1194 2433 1410 2499 Novae
1453 2433 1774 2498 civitatisl
1810 2431 2128 2512 abbatem,
2174 2441 2239 2499 et
2284 2431 2434 2499 huic
2467 2431 2690 2498 XXIII

443 2540 644 2605 annos
681 2529 746 2585 et
786 2519 840 2585 V
876 2542 1124 2585 menses
1158 2519 1590 2605 presidentem
1637 2517 1946 2601 Pragensi
1979 2519 2250 2605 prefecit
2283 2519 2631 2586 aecclesiae
2647 2518 2692 2599 ²,

444 2606 715 2673 eundem
761 2606 845 2673 ΙΙ.
876 2604 1038 2673 Νοιι.
1068 2606 1123 2671 N
1131 2605 1405 2672 ovembr.
1450 2604 1534 2671 ab
1573 2605 2024 2671 Erkaenbaldo
2069 2606 2502 2690 archipresule
2546 2627 2693 2672 con-

443 2714 633 2759 sensu
676 2712 819 2757 meo
864 2694 1226 2757 consecrari
1269 2692 1649 2776 precipiens,
1739 2691 1840 2755 Ibi
1885 2699 2038 2779 tunc
2074 2692 2382 2757 Bolizlavi
2423 2693 2693 2758 nuncius

442 2778 814 2845 Lindulfum
856 2779 1147 2843 iuvenem
1194 2778 1305 2843 diu
1350 2775 1715 2860 captivum3
1768 2778 2013 2843 remitti
2068 2777 2366 2861 promisit
2417 2799 2694 2862 suosque

444 2866 681 2930 milites
725 2862 898 2949 apud
942 2884 1060 2929 nos
1104 2863 1290 2929 firma
1335 2863 1627 2928 detentos
1664 2862 1958 2927 custodia
1991 2886 2107 2948 pro
2143 2865 2280 2929 eius
2317 2862 2694 2929 liberatione

445 2952 721 3017 relaxari
780 2951 978 3033 peciit
1046 2956 1125 3026 et,
1190 2951 1247 3015 si
1304 2950 1586 3031 aliquem
1649 2950 2036 3031 imperatori·
2082 2950 2384 3015 nuncium
2448 2950 2526 3014 de
2590 2971 2694 3013 ac-

444 3037 758 3122 quirenda
802 3034 1084 3101 eiusdem
1130 3036 1340 3119 gratia
1383 3036 1637 3100 mittere
1671 3035 1984 3111 licuisset,
2032 3035 2370 3120 diligenter
2403 3035 2692 3120 inquirit.

446 3124 719 3189 Assiduo
789 3123 1147 3207 principum
1221 3122 1455 3186 suimet
1523 3121 1886 3186 interventu
1954 3142 2136 3187 cesar
2204 3118 2329 3186 hiis
2401 3120 2696 3186 omnibus

445 3230 780 3274 assensum
822 3208 1083 3291 prebuit
1126 3212 1191 3271 et
1232 3216 1385 3271 tunc
1417 3207 1626 3289 primo
1663 3208 1955 3291 conperit
1988 3207 2381 3273 Ruszorumb
2417 3204 2693 3289 regem'4,

446 3293 541 3384 [ut
568 3295 693 3359 sib1
716 3316 831 3379 per
857 3290 1349 3380 internuncium]
1383 3292 1679 3377 promisit
1719 3290 1968 3381 [suum],
2006 3292 2393 3359 Bolizlavum
2421 3292 2695 3378 peciisse

445 3382 661 3465 nilque
713 3380 804 3444 ibi
858 3380 940 3444 ad
997 3379 1221 3443 urbem
1271 3380 1676 3461 possessam5
1727 3377 2074 3461 proficisse.
2170 3378 2377 3444 Huius
2429 3400 2694 3463 regnum

444 3466 733 3552 prefatus
777 3466 922 3545 dux>
952 3474 1178 3549 postea
1223 3486 1365 3529 cum
1412 3466 1696 3529 exercitu
1749 3462 2054 3529 invadens
2111 3486 2416 3548 generum
2461 3465 2697 3529 suimet

446 3562 511 3619 et
546 3552 814 3618 fratrem
852 3550 1033 3618 eiusss
1067 3551 1179 3615 diu
1216 3551 1549 3635 expulsum
1587 3549 2044 3615 inthronizavit
2079 3556 2143 3615 et
2176 3551 2440 3615 hilaris⁰
2482 3550 2695 3615 rediit.

446 3727 490 3765 ui
537 3725 791 3765 heremanni
825 3735 932 3765 corr.
969 3724 1219 3765 herimanni
1244 3724 1297 3772 0,
1333 3724 1515 3773 ipostea
1542 3734 1704 3762 eramcm
1745 3726 1784 3763 1.
1886 3720 1935 3773 b)
1978 3732 2210 3763 ruszorum
2251 3723 2304 3773 0,
2350 3722 2424 3763 sed
2462 3723 2549 3772 ipae
2586 3732 2697 3762 corr.

445 3779 486 3827 c)
528 3778 682 3817 hii-alis
710 3777 938 3826 mimalia
968 3778 1015 3815 Τ.

448 3917 499 3978 1)
539 3916 839 3983 Nienbwry.
978 3914 1029 3979 2)
1068 3914 1172 3968 Cui
1189 3912 1439 3980 praefuit
1464 3912 1820 3967 1017—1023.
1957 3911 2011 3973 3)
2050 3913 2212 3965 Anno
2242 3912 2376 3967 1015
2410 3930 2446 3965 a
2472 3912 2697 3966 Polonis

445 3992 698 4053 captu-m,-
734 3984 805 4049 ef.
832 3999 1006 4050 supra
1036 3999 1079 4037 c.
1101 3986 1183 4036 ¹21.
1299 3984 1353 4044 4)
1388 3983 1427 4035 I
1426 3982 1755 4047 aro-slavum,
1776 3980 2020 4047 primum
2050 3979 2370 4034 Wladimivi
2384 3983 2435 4034 Ι.
2462 3980 2514 4043 (†
2538 3980 2694 4045 1015)

446 4054 637 4119 filiu-m,
673 4054 769 4122 qui
800 4052 1239 4119 Suentopulcum,
1274 4050 1539 4105 Ruriciae
1570 4050 1749 4117 ,clentis
1774 4048 2098 4117 principem,
2133 4050 2172 4102 I
2171 4050 2422 4117 aropulci
2441 4050 2623 4117 filium
2657 4058 2698 4103 α’

458 4122 796 4175 Wloedimiro·
830 4121 1147 4187 adoptatum.
1196 4126 1247 4174 et
1284 4120 1564 4173 Boleslavi
1609 4119 1766 4173 ducis
1797 4132 2072 4185 ymerum,
2117 4134 2182 4171 esc
2217 4134 2383 4188 regno
2417 4118 2697 4185 expulerat

446 4197 497 4245 et
534 4193 613 4244 ad>
644 4206 886 4245 socerum
923 4188 1212 4257 eonfuyere
1246 4194 1505 4257 coeperat.
1591 4187 1744 4251 Confi
1781 4184 1934 4252 infra
1970 4204 2014 4243 c.
2043 4188 2262 4249 72-74,
2312 4188 2424 4251 IX,
2460 4188 2665 4241 31--33
2680 4206 2694 4248 3

450 4259 661 4323 Βιναὴῑ,
707 4258 920 4314 ‘Gesch
957 4260 1010 4312 d.
1044 4273 1189 4313 ruse.
1218 4257 1433 4311 'Staats'
1470 4258 1520 4317 I,
1561 4256 1861 4311 155—156.
1948 4257 2036 4309 De
2070 4256 2283 4309 nomine
2313 4272 2365 4323 gv.
2400 4254 2508 4320 IV,
2543 4255 2612 4309 45
2646 4262 2699 4309 et

452 4328 553 4393 VI,
590 4330 673 4382 11.
836 4328 890 4392 5)
947 4328 1035 4381 De
1076 4344 1189 4395 qua
1221 4326 1498 4380 obsidione
1532 4330 1761 4379 ceterum
1805 4322 1946 4378 nihil
1985 4324 2210 4378 constat.
2373 4326 2426 4389 6)
2481 4324 2699 4379 Scilicet

445 4396 885 4463 meromontem,
919 4412 1175 4463 =‹Jenerwm
1212 4412 1370 4449 suum
1407 4401 1456 4449 et
1474 4396 1720 4458 fra-trem
1755 4395 1793 4447 I
1793 4392 2048 4448 aroslavi.

2725 2076 2745 2097 *
2765 2078 2861 2125 fol.
2883 2080 2982 2118 171.
