3100 5050
423 469 532 524 XII
1113 465 1524 521 ΤΗΙΕΤΜΑΒΙ
1561 464 1998 522 CHRONICON.

424 646 484 686 a.
515 623 658 689 961.
697 623 772 686 de
809 623 1022 687 eadem
1057 643 1125 685 re
1159 621 1490 684 memoriae
1525 620 1827 704 produnt,
1872 645 1903 685 e
1938 624 2169 707 scripto
2202 625 2469 710 quodam
2513 626 2693 706 libro,

424 749 544 810 quo
597 726 990 789 Tkietmarus
1033 745 1264 808 quoque
1293 722 1477 807 fonte
1519 744 1670 785 usus
1713 723 1814 801 sit,
1869 725 2093 788 hausta
2135 749 2261 791 esse
2311 750 2542 793 necesse
2586 739 2689 793 est.

422 827 624 912 Atque
667 849 804 890 cum
849 828 983 911 ipse
1027 825 1284 905 Noster,
1337 825 1409 888 id
1461 825 1628 908 quod
1672 825 1876 890 adhuc
1920 827 2169 892 omnino
2212 831 2545 915 ne9lectum
2587 842 2693 911 est,

439 928 506 1006 V,
547 930 634 993 44
677 930 752 994 de
787 929 1104 1012 scriptura
1139 928 1415 1012 quadam
1461 927 1809 1011 Tayinonis
1848 929 2039 1009 dicat,
2084 953 2161 994 σω
2195 932 2310 995 hac
2344 932 2463 995 illa
2493 935 2694 1017 petita

432 1053 558 1096 esse
623 1041 1088 1096 consentaneum
1149 1039 1253 1096 est.
1365 1028 1604 1102 Quodsi
1664 1053 1803 1095 vero
1856 1017 2099 1118 Tayino
2158 1043 2216 1098 et
2274 1035 2349 1099 de
2408 1035 2699 1120 reliquiis

423 1157 485 1197 a.
517 1133 665 1200 960.
713 1132 1223 1217 Parthenopolim
1267 1133 1658 1196 transmissis
1702 1132 1828 1212 (ΙΙ,
1870 1136 1981 1217 17)
2026 1145 2083 1198 et
2124 1136 2199 1200 de
2246 1139 2695 1202 consecratione

424 1258 544 1300 sua
589 1259 648 1300 a.
693 1239 877 1302 1004.
915 1235 1104 1319 facta
1149 1233 1262 1318 (V,
1308 1232 1425 1317 44)
1471 1235 1748 1319 scripsit,
1792 1237 1901 1300 hoc
1944 1237 2277 1302 chronicon
2312 1239 2478 1302 illud
2511 1240 2695 1325 May-

421 1338 790 1423 deburyense
821 1337 1032 1421 fuisse
1067 1337 1470 1421 perspicuum
1513 1347 1621 1416 est,
1668 1361 1783 1422 quo
1836 1338 2262 1403 Thietmarum
2290 1341 2475 1425 fonte
2517 1365 2693 1406 usum

423 1463 548 1506 esse
588 1441 857 1526 plurimi
902 1440 1023 1504 loci
1057 1440 1289 1505 docent.
1381 1439 1488 1503 Ea:
1531 1441 1647 1503 illo
1691 1450 1897 1504 autem
1942 1463 2076 1504 cum
2118 1441 2284 1507 Ann.
2318 1443 2603 1528 Maqdeb.
2639 1454 2695 1508 et

428 1543 620 1607 Gesta
677 1543 1124 1627 archiepiscop.
1172 1542 1464 1626 Maydeb.
1523 1540 1675 1626 (SS.
1716 1540 1912 1626 XIV)
1970 1544 2287 1607 maximas
2337 1555 2552 1630 partes
2608 1545 2695 1609 ad

423 1645 666 1710 verbum
712 1655 1108 1730 conqruentes
1144 1645 1608 1729 eaescripserint,
1653 1644 1972 1708 nonnullis
2018 1644 2169 1709 locis
2214 1646 2401 1710 etiam
2446 1647 2693 1732 integra

431 1749 778 1834 Tayinon'is
822 1747 1005 1811 verba
1050 1747 1296 1811 restitui
1334 1757 1608 1832 possunt.

594 1868 693 1931 De
751 1868 1038 1931 chronico
1083 1867 1604 1931 Halberstadsnsi
1657 1867 1940 1951 equidem
1995 1866 2159 1929 nihil
2210 1869 2353 1931 novi
2404 1868 2694 1954 proferre

419 1971 612 2054 potui.
704 1971 1034 2034 Praeterea
1079 1981 1282 2034 tamen
1335 1971 1423 2033 ad
1477 1969 1707 2033 librum
1750 1971 1997 2033 tertium
2041 1971 2538 2034 conscribendum
2583 1995 2693 2036 an·

425 2073 600 2136 nalss
645 2073 944 2159 quosdam
987 2073 1376 2137 brevissimos
1419 2075 1720 2156 scriptori
1769 2083 2019 2158 praesto
2049 2072 2259 2157 fuisse
2298 2073 2574 2159 fortasse
2618 2098 2695 2138 ex

423 2176 643 2240 ordine
678 2176 857 2239 illius
892 2175 1045 2238 libri
1079 2176 1303 2260 optime
1339 2197 1471 2238 cum
1521 2175 1921 2258 chronoloyia
1958 2197 2166 2238 rerum
2200 2186 2510 2261 qestarum
2557 2199 2695 2241 con-

422 2288 677 2364 qruente
722 2278 1039 2362 suspicari
1083 2278 1238 2341 licet.

595 2399 734 2461 Iam
779 2408 863 2479 ut,
921 2421 1036 2483 quo
1081 2397 1300 2462 ordine
1353 2396 1747 2460 Uzietmarus
1792 2397 1859 2460 in
1903 2399 2080 2462 rebus
2122 2398 2504 2463 enarrandis
2546 2422 2694 2464 usus

422 2503 524 2581 sit,
565 2523 774 2587 pauca
819 2502 1225 2581 disseramus,
1269 2501 1339 2565 in
1385 2499 1570 2564 libris
1615 2499 1667 2566 I.
1714 2509 1769 2564 et
1814 2498 1903 2566 ΙΙ.
1968 2500 2411 2566 Widukindum
2456 2513 2695 2567 secutus

425 2615 538 2684 est,
585 2615 784 2669 cetera
829 2627 1100 2688 quaeque
1145 2605 1358 2689 aliquo
1401 2604 1582 2667 modo
1626 2603 1945 2669 adiunaeit.
2034 2605 2113 2667 In
2158 2606 2337 2669 tertio
2383 2605 2543 2670 libro
2587 2629 2698 2668 an-

426 2706 669 2769 nalium
715 2708 844 2769 ritu
885 2708 1294 2792 proqreditur
1338 2706 1550 2770 multis
1594 2707 1773 2771 rebus
1816 2730 1894 2770 ea:
1946 2704 2007 2768 T
1997 2708 2291 2792 aqinonis
2326 2731 2505 2793 opere
2548 2732 2696 2773 nar-

422 2810 664 2873 rationi
706 2810 1106 2893 interpositis.
1198 2807 1323 2873 Sed
1368 2831 1500 2871 cum
1549 2809 1617 2872 in
1663 2809 1771 2871 hoc
1806 2819 1863 2872 et
1898 2821 2120 2893 quarto
2166 2811 2328 2876 libro
2372 2822 2602 2875 certum
2638 2814 2698 2877 ei

423 2913 649 2977 deesset
693 2911 1124 2997 chronoloyiae
1156 2910 1671 2997 fundamentum,
1724 2912 2140 2996 compluribus
2194 2912 2345 2977 locis
2384 2914 2533 2998 plus
2576 2914 2691 2977 mi-

422 3038 606 3079 nusve
659 3016 858 3100 spatii
913 3037 1174 3077 vacuum
1219 3013 1501 3098 reliquit,
1560 3014 1669 3077 ubi
1716 3024 1929 3097 postea
1974 3014 2169 3077 multa
2227 3016 2291 3078 in
2330 3016 2566 3100 primis
2617 3039 2694 3080 ecc

423 3118 778 3181 Annalibus
843 3116 1512 3202 Quedlinburqensibus
1564 3117 1763 3202 petita
1817 3118 2099 3184 inseruit.
2210 3116 2317 3182 Sic
2378 3120 2569 3183 etiam
2626 3120 2695 3182 in

405 3220 540 3305 fine
589 3221 795 3306 primi
853 3231 908 3283 et
952 3220 1164 3305 quarti
1209 3219 1360 3283 libri
1404 3218 1753 3303 compluria
1796 3219 1979 3304 folia
2022 3243 2227 3284 vacua
2272 3232 2413 3285 sunt
2454 3222 2695 3301 relicta,

424 3344 578 3408 quae
636 3331 851 3406 postea
912 3322 1115 3386 variis
1171 3323 1455 3386 historiis
1510 3322 1779 3406 explevit
1788 3345 1814 3404 ,·
1876 3323 2092 3408 quibus
2154 3347 2289 3386 cum
2346 3326 2413 3388 in
2473 3337 2694 3411 quarto

423 3425 586 3489 libro
622 3425 895 3509 spatium
933 3424 1229 3509 deficeret,
1264 3426 1450 3489 etiam
1477 3426 1786 3509 inteqrum
1809 3424 2195 3509 fasciculum
2231 3425 2376 3511 (fol.
2409 3428 2692 3512 73—80)

424 3529 601 3613 operi
644 3528 1034 3613 interposuit.
1127 3528 1234 3591 Εω
1287 3550 1404 3613 quo
1455 3527 1868 3612 perspicitur,
1918 3528 2077 3591 unde
2123 3530 2275 3593 ordo
2318 3530 2501 3592 huius
2546 3528 2697 3591 libri

421 3653 661 3716 maqna
703 3653 780 3695 ex
830 3640 1010 3715 parte
1068 3630 1406 3693 admodum
1463 3629 1752 3692 turbatus
1809 3631 2083 3695 exsistat.
2174 3632 2328 3695 Inde
2385 3654 2426 3694 a
2484 3632 2695 3716 quinto

426 3734 587 3798 libro
631 3755 819 3818 usque
863 3734 951 3796 ad
975 3731 1170 3816 finem
1223 3732 1432 3817 operis
1476 3742 1695 3795 auctor
1737 3756 2043 3818 nusquam
2087 3735 2167 3799 ab
2211 3735 2544 3799 annalium
2590 3758 2697 3798 ra-

424 3837 588 3900 tione
633 3836 915 3915 discedit,
963 3836 1091 3898 nisi
1135 3834 1298 3919 quod
1340 3856 1775 3919 saepenumero
1819 3836 1894 3901 de
1938 3838 2207 3923 sinqulis
2240 3836 2420 3901 rebus
2462 3838 2697 3922 digres-

423 3940 624 4004 siones
655 3962 891 4024 parvas
927 3938 1284 4023 interponit.
1364 3935 1505 4010 Qua
1539 3938 1611 4000 in
1646 3961 1713 4002 re
1748 3940 2163 4025 coynoscenda
2199 3940 2270 4002 id
2300 3941 2696 4024 potissimum

421 4042 1042 4107 animadvertendum
1099 4052 1186 4105 est
1246 4042 1673 4105 Thietmarum
1725 4041 2115 4126 imperfecto,
2165 4040 2469 4125 perfecto,
2522 4042 2697 4127 plus-

423 4143 883 4231 quamperfecto
927 4144 1304 4229 temporibus
1342 4144 1693 4229 promiscue
1740 4145 1875 4208 sine
1918 4145 2047 4207 ullo
2090 4143 2455 4208 discrimine
2497 4147 2608 4208 uti.

598 4262 947 4328 Sermonem
1033 4262 1378 4328 Thietmari
1437 4266 1657 4328 rudem
1726 4265 1885 4328 satis
1957 4274 2134 4348 atque
2205 4263 2505 4327 incultum
2574 4287 2699 4328 esse

424 4367 899 4453 Lappenberqio
927 4388 1050 4431 non
1078 4366 1356 4447 concedo,
1397 4390 1777 4453 quamquam
1806 4389 1846 4429 a
1886 4366 2199 4429 latinitate
2226 4365 2493 4428 classica
2523 4365 2699 4451 lonqe

421 4469 738 4554 discrepat
763 4480 819 4533 et
849 4478 1108 4554 propter
1133 4468 1463 4531 dictionem
1500 4468 1895 4533 tumidiorem
1930 4465 2330 4551 insolitasque
2358 4464 2689 4533 locutiones
