3100 5050
303 548 454 605 1012.

253 900 376 949 Aug.
395 902 460 940 12.

253 1840 375 1891 Aug.
397 1842 460 1881 13.

254 3129 377 3179 Aug.
398 3130 462 3169 14.

490 384 591 439 176
1000 379 1408 435 ΤΗΙΕΤΜΑΕΙ
1442 377 1707 435 CHRON.
1776 382 1914 435 LIB.
1952 382 2059 435 VII
2095 382 2232 447 (VI).

490 542 642 600 tunc
698 532 1124 599 luminaribus
1181 532 1458 597 vocabar
1514 539 1581 598 et
1636 535 1765 599 iam
1823 533 1989 599 stola
2052 533 2349 599 indutum
2410 534 2479 598 in
2540 554 2742 616 agone

490 620 894 685 laborantem
939 618 1086 684 vidi.
1177 618 1377 685 Cuius
1411 620 1659 703 pectori
1694 642 1851 685 crux
1887 626 2111 684 sancta
2146 619 2273 685 fuit
2305 619 2741 702 superposita;

489 707 555 771 in
601 705 896 770 manibus
940 706 1219 770 cinerem
1263 712 1328 769 et
1371 704 1599 769 subtus
1643 704 1927 770 habebat
1970 705 2271 785 cilicium,
2325 710 2399 769 ut
2440 704 2570 769 Eid
2612 706 2745 787 epi-

491 811 724 873 scopus
759 790 1181 857 monstrabat.
1269 790 1355 855 Et
1389 811 1535 855 cum
1572 792 1665 856 sol
1702 791 1807 855 die
1843 792 1972 855 iam
2008 790 2333 856 mediante
2368 790 2743 869 declinaret,

491 900 634 942 cum
687 878 944 941 incenso
1003 876 1128 941 sibi
1181 876 1472 942 adhibito
1529 876 1615 943 II.
1655 876 1749 942 Id.
1788 878 1947 959 Aug.
1968 876 1991 921 1
2035 877 2298 941 transiit
2346 875 2563 941 anima
2607 877 2745 941 eius

491 964 576 1028 ad
619 969 972 1029 creatorem
1017 984 1222 1041 suum,
1269 961 1438 1027 unde
1483 967 1639 1041 erat,
1686 963 2155 1045 derelinquens,
2201 962 2375 1045 quod
2417 982 2545 1026 non
2584 970 2745 1030 erat.

491 1048 842 1115 Orantibus
878 1056 1032 1113 tunc
1069 1069 1210 1112 cum
1246 1047 1532 1113 lacrimis
1566 1048 1971 1131 presentibus
2024 1046 2321 1135 [cunctis]
2370 1067 2487 1132 ego
2522 1048 2747 1112 infelix

487 1155 606 1219 pro
651 1134 905 1200 debito*
949 1134 1204 1199 eosdem
1247 1155 1374 1200 non
1419 1133 1661 1199 adiuvi:
1716 1142 1781 1199 et
1824 1134 1995 1217 quod
2039 1141 2193 1199 tunc
2244 1133 2401 1197 mihi
2454 1132 2747 1198 obviaret

490 1223 557 1286 in
610 1222 849 1297 anime,
912 1241 1038 1286 non
1091 1240 1352 1303 possum
1404 1220 1710 1302 cuiquam
1764 1219 2061 1303 prodere;
2126 1218 2239 1285 sed
2292 1219 2417 1284 hoc
2469 1225 2741 1295 tantum,

491 1306 729 1372 Christi
771 1305 1019 1383 fideles,
1074 1326 1326 1369 mecum
1369 1313 1577 1385 orate,
1634 1312 1708 1370 ut
1751 1306 2091 1384 Dominus,
2146 1306 2252 1370 cui
2297 1305 2545 1370 nullum
2587 1305 2745 1370 latet

491 1399 830 1471 secretum,
877 1412 957 1456 ne
1001 1392 1152 1456 huic
1195 1412 1402 1474 neque
1445 1391 1607 1455 mihi
1649 1390 1768 1456 hoc
1810 1393 2079 1474 inputet.

663 1479 760 1545 13.
833 1478 986 1542 Post
1028 1477 1188 1541 haec
1232 1478 1456 1541 solutis
1503 1477 1853 1542 visceribus
1899 1483 1965 1541 et
2006 1476 2179 1541 intra
2224 1476 2605 1541 aecclesiam
2648 1482 2743 1539 at-

489 1584 613 1646 que
667 1563 1057 1628 caminatam
1111 1564 1380 1645 sepultis
1447 1583 1679 1647 corpus
1722 1568 2111 1647 preparatur
2164 1569 2228 1627 et
2276 1568 2497 1626 sancto
2551 1561 2744 1626 altari

487 1654 912 1733 presentatur.
1015 1648 1110 1713 Ibi
1153 1656 1292 1713 tum
1335 1648 1509 1714 facta
1561 1669 1680 1733 pro
1742 1648 2061 1715 defunctis
2120 1648 2433 1712 memoria
2482 1667 2602 1712 nos
2654 1646 2744 1711 ibi

489 1735 851 1799 cenavimus
922 1739 988 1799 et
1048 1754 1281 1819 corpus
1351 1735 1571 1800 eodem
1655 1735 1756 1800 die
1836 1754 2039 1817 usque
2116 1733 2204 1798 ad
2262 1730 2529 1799 Coniri2
2598 1754 2743 1815 pro-

491 1821 836 1903 sequimur.
928 1820 1004 1884 In
1049 1822 1151 1884 via
1197 1820 1503 1904 plangens
1557 1820 1806 1885 familia
1857 1819 2153 1887 obviavit.
2241 1818 2543 1883 Crastino
2598 1838 2743 1881 cum

491 1905 573 1970 ad
626 1906 834 1970 villam
889 1907 1073 1971 iuxta
1126 1916 1405 1971 montem
1462 1908 1669 1971 sancti
1721 1906 2025 1971 Iohannis
2084 1906 2279 1970 sitam
2331 1905 2741 1983 venissemus,

488 1992 700 2057 clerus
745 1993 950 2056 omnis
1006 1990 1168 2057 flens
1215 1991 1427 2057 adfuit
1487 1999 1551 2057 et
1596 1992 1939 2056 Iudeorum
1998 1990 2267 2073 magnab
2322 1998 2413 2069 et,
2470 2010 2743 2071 quorum

489 2084 632 2143 erat
667 2086 868 2160 pater,
917 2078 1348 2162 orphanorum
1385 2077 1729 2143 multitudo
1772 2077 2153 2143 conveniens
2189 2076 2477 2141 dolorem
2502 2076 2743 2140 lamen-

489 2163 686 2228 tando
735 2162 1129 2243 manifestat;
1191 2170 1256 2228 et
1298 2184 1416 2228 nos
1461 2165 1527 2227 in
1574 2163 1843 2228 ecclesia
1885 2163 2128 2227 maiore
2172 2182 2318 2226 cum
2370 2161 2595 2226 funere
2646 2162 2743 2225 in-

489 2256 734 2315 trantes
779 2250 972 2314 amici
1017 2271 1163 2314 cum
1207 2249 1618 2314 hereditariis
1672 2248 1995 2327 omnibus,
2050 2248 2313 2312 elevatis
2366 2267 2508 2311 cum
2566 2247 2743 2312 luctu

490 2336 804 2414 manibus,
851 2335 1304 2401 miserabiliter
1347 2336 1725 2419 suscipiunt.
1824 2334 1979 2412 Quis
2025 2354 2153 2398 non
2198 2342 2349 2398 tunc
2392 2334 2742 2417 plangeret,

491 2442 635 2485 cum
677 2421 838 2485 talia
873 2422 1156 2489 videret?
1247 2421 1659 2499 Querimonia
1704 2426 1918 2485 autem
1963 2420 2170 2486 omnis
2213 2420 2371 2484 haec
2412 2439 2575 2483 novo
2609 2438 2741 2482 non

489 2507 849 2591 equabatur
891 2507 1187 2591 dampno.

665 2594 760 2658 14.
858 2593 990 2679 46.)
1085 2594 1320 2659 Omnes
1388 2614 1509 2658 nos
1580 2593 1938 2658 confratres
2008 2592 2095 2657 ad
2162 2591 2516 2675 capitulum
2586 2597 2740 2655 tunc

493 2677 840 2766 [venientes
877 2729 892 2759 ,
977 2686 1274 2763 nepotem
1343 2677 1599 2744 meum3
1670 2685 1930 2761 excepto
2001 2677 2351 2742 Bennone⁴
2423 2676 2739 2758 eligimus,

491 2767 692 2828 ’‘non‘’
743 2764 866 2829 hoc
920 2765 1002 2830 ob
1054 2767 1447 2830 iuventutem
1501 2765 1639 2830 eius
1692 2764 1983 2849 implerid
2036 2771 2393 2847 speranteS,
2454 2761 2567 2828 sed
2619 2781 2738 2846 pro

491 2851 967 2916 conservandae
1047 2851 1374 2916 electionis
1451 2853 1665 2934 gratia
1744 2861 1854 2915 ac<²
1929 2850 2202 2914 caritate
2278 2848 2743 2932 archiepiscopi

492 2936 835 3020 Taginonis
880 2938 1156 3002 maxime
1202 2937 1527 3002 facientes,
1625 2935 1905 3018 Vespere
1951 2940 2167 3000 autem
2218 2934 2389 2999 facto
2434 2933 2742 2998 Arnulfus

490 3023 664 3088 venit
707 3024 1070 3108 episcopus,
1138 3023 1643 3105 quibuscumque
1694 3021 1899 3087 valuit
1949 3020 2155 3099 bonis,
2212 3019 2297 3084 ad
2353 3019 2512 3084 haec
2573 3019 2743 3103 aspi-

491 3128 660 3172 ranS.
764 3109 1031 3174 Postera
1096 3109 1202 3174 die
1271 3113 1577 3174 renovata
1628 3107 1935 3172 electione
2002 3127 2231 3190 corpus
2283 3105 2741 3189 archipresulis

489 3194 848 3259 tumulatur
883 3195 964 3259 ad
1002 3194 1332 3259 dexteram
1367 3193 1789 3258 antecessoris
1826 3193 1923 3258 sui
1961 3193 2031 3256 in
2072 3191 2347 3256 australi
2383 3191 2743 3264 manica0·⁵

493 3287 556 3346 et
617 3281 683 3344 in
741 3279 956 3362 vigilia
1017 3280 1470 3365 assumptionis
1531 3285 1752 3344 sancte
1809 3277 2030 3345 Marie.
2137 3276 2323 3355 Quod
2384 3276 2608 3360 regina
2669 3283 2744 3340 ut

489 3367 694 3451 primo
761 3368 1097 3450 comperit,
1158 3387 1275 3450 per
1297 3401 1308 3408 -
1327 3365 1643 3430 Geconem
1695 3364 2098 3448 pincernamf
2158 3383 2339 3428 suum
2407 3363 2543 3446 regi
2613 3362 2745 3426 iam

491 3455 672 3517 iuxta
715 3453 1064 3517 Metensem
1121 3452 1344 3517 urbem
1396 3472 1541 3515 cum
1602 3451 1887 3515 exercitu
1942 3449 2189 3514 sedenti
2230 3448 2467 3514 indixit
2478 3447 2529 3514 ⁶.
2620 3447 2744 3512 Hic

491 3611 534 3652 a)
559 3607 604 3646 bi
630 3607 732 3647 add.
755 3610 803 3648 T.
921 3609 968 3658 b)
1001 3608 1234 3648 Iudeorum
1261 3617 1487 3656 synagoga
1513 3609 1569 3655 2,·
1602 3605 1836 3652 Iudeorum
1863 3615 1965 3654 pars
1992 3604 2045 3644 A.
2064 3605 2111 3645 S.
2226 3601 2269 3654 c)
2302 3615 2389 3644 non
2415 3604 2499 3644 hoc
2530 3625 2575 3631 —-
2602 3604 2745 3652 gratia

492 3669 543 3698 ac
569 3658 719 3698 desunt
742 3663 781 3706 1,
823 3661 982 3700 absciso
1001 3661 1141 3710 μήπω
1167 3661 1240 3704 fol.
1259 3661 1339 3699 129
1365 3671 1501 3698 versu.
1545 3659 1838 3705 supplevimus
1865 3667 1915 3694 ετ
1932 3657 1973 3696 2.
2019 3655 2069 3695 L.
2174 3655 2221 3707 d)
2244 3657 2421 3706 impleri
2448 3665 2579 3705 posse
2604 3657 2645 3702 2,
2672 3655 2745 3694 ced

491 3713 653 3750 exstant
679 3715 725 3751 in
751 3715 774 3750 1
797 3715 942 3761 parles
969 3713 1184 3762 inferiores
1209 3711 1393 3750 duarum
1419 3713 1651 3750 litterarum
1676 3719 1705 3757 p
1732 3709 1779 3748 in
1803 3709 1939 3748 verbis
1963 3708 2141 3753 impleri
2167 3712 2204 3748 et
2228 3712 2473 3758 sperantes,
2500 3709 2611 3747 inter
2636 3717 2745 3756 quac

491 3764 582 3803 voci
606 3773 736 3813 posse
760 3766 940 3814 spatium
966 3775 1050 3803 non
1074 3764 1342 3812 relinquitur.
1461 3761 1502 3812 e)
1531 3760 1682 3801 absida
1707 3761 1747 3798 2.
1866 3758 1906 3811 f>
1931 3760 1977 3798 in
2005 3759 2108 3800 add.
2131 3761 2180 3800 T.

493 3866 546 3932 1)
587 3868 800 3922 Necrol.
839 3868 1069 3922 Merseb.
1107 3870 1247 3936 Auq.
1278 3869 1371 3922 12:
1425 3863 1774 3920 Waltherdus
1810 3863 2228 3932 archiepiscopus
2264 3860 2743 3930 Magdeburgensis

493 3935 628 3990 1111.
665 3935 816 3990 obiit.
972 3937 1024 4000 2)
1076 3936 1360 3989 Konnern.
1513 3937 1568 4000 3)
1629 3933 1968 3988 Thiedricum
2004 3935 2224 4000 saepius
2258 3937 2746 3986 commemoratum.

491 4006 546 4069 4)
583 4004 913 4060 Bernhardo
947 4005 1208 4060 canonico
1245 4003 1713 4072 Maydcburyensi
1744 4002 1845 4070 (cf.
1880 4002 1993 4066 IX,
2037 4002 2112 4067 5),
2148 4001 2245 4068 qui
2269 4001 2442 4067 paulo
2469 4005 2597 4066 post
2631 3997 2743 4064 epi-

487 4089 690 4142 scopus
717 4073 1174 4141 Oldenburyensis
1208 4073 1278 4127 ab
1316 4072 1560 4126 Unwano
1597 4071 2004 4139 archiepiscopo
2039 4068 2332 4122 Bra-mensi
2364 4066 2743 4145 (1013—10252,

495 4144 564 4208 cf.
603 4143 802 4198 Adam.
838 4144 924 4208 II,
959 4141 1066 4208 47),
1104 4143 1202 4196 sed
1236 4147 1362 4196 ante
1397 4157 1633 4196 mensem
1667 4142 1878 4194 Iulium
1915 4157 1967 4193 a.
2003 4139 2140 4193 1014
2172 4136 2269 4216 (cf.
2302 4137 2474 4202 VIII,
2510 4137 2569 4199 3)
2603 4135 2745 4216 orcla-

492 4218 660 4267 natus
703 4217 784 4266 est
824 4217 875 4265 et
917 4211 1169 4267 ecclesiae
1217 4211 1304 4265 illi
1343 4225 1514 4279 usque
1560 4209 1635 4264 ad
1685 4226 1738 4264 a.
1780 4208 1913 4264 1023
1958 4206 2221 4274 praesuta
2394 4205 2448 4270 5)
2512 4205 2747 4258 Mamca

493 4280 649 4348 apud
675 4281 992 4335 architectos
1017 4281 1170 4335 illius
1197 4279 1321 4334 aevi
1343 4277 1620 4347 siqnificat
1647 4277 1889 4332 cuiusvis
1916 4273 2171 4340 aedificii,
2192 4275 2517 4353 pracsertim
2544 4272 2745 4354 templf,

485 4349 640 4404 latus
687 4350 796 4404 sive
843 4349 1086 4404 latiorem
1133 4348 1248 4403 eius
1288 4354 1521 4415 partem.
1616 4346 1776 4402 URS.
1938 4343 1992 4408 6)
2048 4343 2137 4396 De
2182 4342 2464 4397 obszdwne
2512 4345 2747 4396 cavatam

488 4418 782 4474 Mettensis
817 4434 963 4472 anno
999 4419 1134 4474 1012
1158 4416 1324 4486 facta
1358 4432 1407 4470 v.
1444 4413 1680 4470 ‘Jahrbss
1717 4415 1807 4481 II,
1842 4413 1961 4468 335.

2766 2779 2789 2801 *
2807 2782 2898 2830 fol.
2928 2783 3017 2824 129.
