3100 5050
457 377 558 430 190
971 372 1380 426 THIETMARI
1418 370 1680 427 CER-GN.
1753 371 1892 424 LIB.
1928 372 2035 426 VII
2073 372 2211 438 (VI).

224 537 421 603 (1013).
459 526 634 590 omni
671 524 862 589 modo
898 525 1204 591 munitur.
1277 525 1400 589 Sed
1440 546 1585 589 cum
1623 545 1765 589 eam
1802 524 1930 588 iam
1966 526 2322 608 inpugnare
2357 525 2727 603 voluissent,

458 610 700 675 dictum
747 610 874 674 hiis
921 607 1064 708 [est]
1110 612 1441 687 veraciter,
1490 611 1663 692 quod
1710 610 2010 674 sacerdos
2056 609 2183 674 alio
2230 609 2564 676 declinans
2608 611 2728 675 ibi-

458 696 602 760 dem
665 716 792 760 non
851 697 1264 761 invemretur.
1373 696 1550 758 Tunc
1614 698 1667 759 is
1730 697 1794 758 in
1862 695 2145 760 claustro
2211 704 2276 760 et
2336 697 2597 761 tandem
2659 698 2728 760 in

458 783 850 845 monasterio
910 784 1206 864 queritur
1274 789 1339 845 et
1397 782 1516 843 Dei
1579 782 1790 863 gratia
1852 801 1979 844 non
2054 780 2184 845 ullo
2245 782 2348 845 sui
2418 781 2727 847 dedecore

458 868 668 932 latens
729 873 796 931 et
856 865 1018 931 haec
1089 868 1306 930 omnia
1365 886 1635 929 cernens
1719 865 2123 930 nullatenus*
2183 867 2519 932 invenitur.
2628 868 2727 931 Ad

460 952 756 1017 ultimum
811 951 1036 1016 sedato
1090 952 1308 1015 furore
1362 951 1456 1014 hii
1509 950 1595 1014 ad
1650 950 2046 1033 hospiciumb
2088 959 2361 1035 pergunt
2406 958 2469 1016 et
2504 951 2727 1018 domos

216 1057 342 1096 nm.
365 1059 428 1096 ιτ.
461 1059 612 1102 suas
657 1037 877 1101 tristes
922 1038 1224 1101 revisunt.
1315 1035 1700 1101 Convocatis
1743 1044 2002 1121 postera
2048 1036 2191 1102 luce
2240 1037 2555 1102 militibus
2592 1040 2727 1102 suis

460 1122 768 1187 Arnulfus
811 1120 895 1187 ad
935 1123 1304 1207 propriam⁰
1354 1122 1665 1186 remeavit
1709 1121 1925 1187 sedem
1971 1121 2498 1207 abbatissamque
2533 1124 2727 1187 nimis

458 1208 717 1273 flentem
763 1208 1033 1275 solatur.

631 1294 732 1359 38.
806 1292 947 1357 Hoc
1003 1298 1209 1357 totum
1263 1314 1378 1355 rex
1431 1292 1829 1375 comperiens
1892 1293 2371 1373 conspiratores
2430 1293 2549 1357 hos
2602 1292 2722 1357 sibi

461 1380 748 1463 precepit
807 1378 1189 1462 presentari.
1307 1377 1507 1454 Quem
1572 1398 1716 1442 cum
1781 1377 2065 1442 marchio
2134 1378 2465 1461 predictus
2534 1379 2721 1443 nimis

459 1466 698 1529 iratum
744 1472 1053 1540 cerneret,
1099 1484 1216 1546 per
1260 1463 1695 1527 internuntios
1738 1461 1961 1527 fideles
1999 1484 2146 1527 eum
2178 1464 2441 1546 placare
2478 1465 2724 1529 nititur.

462 1550 595 1614 Hos
638 1570 753 1613 rex
798 1569 875 1613 ea
919 1548 1179 1613 racione
1225 1548 1490 1628 audivit,
1537 1555 1611 1612 ut
1652 1549 1833 1632 prius
1871 1548 2161 1613 CCC⁰¹¹¹¹¹²
2199 1549 2487 1633 pondera
2521 1550 2716 1615 talen-

457 1643 671 1699 torum
717 1634 1069 1718 episcopali
1115 1633 1432 1698 solverent
1474 1633 1712 1698 dicioni
1758 1641 1841 1713 et,
1888 1634 1996 1717 qui
2034 1634 2100 1698 in
2137 1633 2261 1698 hoc
2298 1635 2469 1699 facto
2508 1636 2727 1718 culpa-

463 1720 621 1785 biles
659 1740 798 1783 esse
837 1719 1323 1803 deputarentur,
1360 1725 1477 1783 aut
1515 1726 1923 1783 sacramento
1961 1740 2218 1784 suorum
2250 1720 2342 1783 XI
2374 1722 2727 1785 amicorum

459 1810 896 1888 expurgarent
974 1812 1090 1869 aut
1173 1804 1522 1869 secundum
1600 1804 1981 1869 canonicam
2048 1807 2540 1870 auctoritatem‘¹
2612 1804 2723 1892 [ei]

458 1889 929 1955 satisfacerent.
1049 1890 1248 1953 Facta
1306 1896 1462 1954 tunc
1522 1891 1695 1954 inter
1756 1891 2012 1954 eosdem
2078 1898 2302 1954 mutua
2354 1911 2513 1972 pace
2583 1902 2729 1973 post

261 1994 428 2045 Ala-‚a
458 1975 702 2058 pascha
740 1980 1068 2058 ponuntur
1104 1974 1419 2039 induciae.
1506 1974 1650 2039 Huc
1686 1976 1887 2040 nost-ri
1926 1974 2492 2063 eorundem[que]⁰
2529 1977 2725 2041 amici

459 2062 847 2126 conveniunt
890 2066 956 2124 et
998 2081 1116 2142 ego
1162 2060 1341 2124 ¹“cum
1387 2060 1517 2124 illis
1563 2060 1747 2138 affui3
1810 2066 1875 2123 et
1922 2066 1993 2125 ut
2035 2063 2310 2143 pecunia
2356 2061 2548 2126 datur
2583 2084 2729 2146 pre·
2758 2080 3011 2131 *sonum

460 2147 661 2226 dicta,
727 2147 1063 2229 episcopus
1117 2146 1184 2209 in
1245 2145 1643 2211 occidentale
1697 2150 2158 2210 monasterium
2210 2148 2411 2224 venit,
2474 2146 2734 2211 sedensf

458 2232 694 2297 ibidem
747 2230 864 2318 [in]
914 2231 1078 2295 solio
1125 2232 1357 2295 summi
1401 2230 1657 2313 gradus.
1760 2231 1861 2295 Ibi
1905 2238 2062 2296 tunc
2106 2232 2279 2297 solus
2324 2233 2614 2298 marchio
2660 2254 2729 2297 se

460 2320 821 2383 iuramento
867 2316 1211 2381 admodum
1255 2316 1550 2381 credibili
1596 2326 1931 2400 expurgat3
1980 2317 2329 2382 ¹“satellites
2373 2324 2590 2383 autem
2627 2321 2729 2381 sui
2756 2336 2779 2357 ¹·
2801 2350 2853 2386 p.
2875 2339 2975 2378 835.

459 2423 633 2468 more
686 2404 1170 2488 poenitentumss
1228 2401 1307 2465 de
1360 2423 1555 2467 manu
1607 2402 1879 2487 predicti
1940 2403 2258 2475 antistitis
2320 2404 2731 2486 singulariter

459 2490 820 2572 suscipiunt
861 2510 940 2554 ea
983 2490 1234 2553 ratione
1285 2488 1627 2567 ieiunium,
1688 2496 1778 2566 ut,
1835 2490 1889 2553 si
1944 2488 2201 2572 quando
2254 2495 2727 2566 amonerentur,

267 2610 314 2649 ,f
460 2596 623 2640 onus
671 2575 966 2640 subirent
1010 2575 1404 2660 impositum.

150 2660 438 2709 *¹¹¹¹·Q¹²0‘¹¹·
630 2660 733 2725 39.
781 2659 938 2745 (60.)
1012 2659 1181 2723 Illud
1232 2661 1425 2725 etiam
1481 2659 1950 2724 adnectendum
2005 2669 2133 2734 est,
2189 2661 2465 2744 qualiter
2510 2661 2726 2726 Othel-

175 2715 428 2830 Lssgffi'a
462 2746 634 2810 ricus
699 2745 1099 2810 Boemiorum
1150 2746 1308 2823 dux,
1375 2767 1731 2810 mammona
1785 2746 2145 2829 iniquitatis
2198 2748 2661 2830 interpretatus
2682 2747 2727 2824 ¹,

463 2832 798 2897 Bosionem
870 2831 1159 2895 inclitum
1233 2831 1471 2895 suimet
1539 2830 1809 2894 militem
1883 2836 2297 2914 caeterosque
2370 2832 2727 2915 complures

459 2916 733 2982 interfici
786 2919 1173 3000 preceperit,
1227 2935 1305 2979 eo
1360 2915 1529 2999 quod
1584 2916 1699 2979 hos
1752 2915 2025 2980 fratrem
2076 2916 2384 2982 adiuvare
2431 2915 2727 2982 exulem2

459 3023 499 3066 a
550 3002 736 3067 falsis
799 3001 1430 3066 murmuratoribush
1497 3000 1778 3065 audierit
1845 3007 1909 3064 et
1962 3021 2183 3066 omnes
2237 3009 2425 3067 caute
2479 3004 2545 3066 in
2598 3002 2725 3068 hiis

458 3087 752 3152 cladibus
796 3087 1134 3164 discerent,
1182 3087 1461 3170 qualiter
1497 3085 1620 3150 sibi
1658 3088 1725 3150 in
1762 3086 2052 3151 futurum
2086 3108 2430 3170 precavere
2468 3087 2725 3152 debuis-

459 3179 619 3236 sent.
720 3172 904 3249 Quod
948 3173 1264 3238 Dominus
1309 3172 1377 3236 in
1421 3179 1699 3254 utroque
1745 3176 2127 3236 testamento
2172 3173 2352 3237 iubet
2396 3173 2727 3237 observari

457 3257 754 3336 firmiter,
830 3257 898 3321 id
955 3259 1023 3322 in
1081 3257 1208 3322 hiis
1266 3257 1638 3341 regionibus
1713 3258 2021 3340 compleri
2081 3259 2382 3341 prohibet
2447 3258 2725 3322 ambicio

459 3363 610 3407 ceca
680 3363 948 3426 semper.
1063 3343 1453 3409 Germanum
1528 3344 1727 3420 enim,
1802 3364 1991 3425 quem
2064 3345 2293 3409 merito
2365 3342 2530 3430 [pre]
2598 3343 2724 3407 hiis

458 3428 726 3510 diligere
772 3429 1016 3506 debuit,
1063 3428 1403 3493 verebatur
1447 3435 1530 3507 et,
1577 3449 1657 3493 ne
1703 3449 2010 3510 umquam
2056 3428 2142 3492 ad
2186 3450 2256 3492 se
2299 3431 2534 3508 veniat,
2581 3428 2724 3492 dili—

459 3522 681 3596 genter
719 3514 1038 3580 custodire
1074 3521 1361 3579 conatur.
1449 3514 1697 3577 Boemii
1743 3518 2050 3594 regnante
2086 3514 2473 3596 Zuetepulco
2520 3513 2715 3579 duce3

457 3598 780 3682 quondam
826 3601 1006 3665 fuere
1049 3600 1398 3684 principesi
1441 3600 1665 3664 nostri.
1754 3596 1922 3661 Huic
1979 3619 2019 3662 a
2064 3600 2303 3664 nostris
2347 3601 2723 3683 parentibus

456 3687 803 3768 quotannis
873 3684 1185 3750 solvitur4
1255 3706 1512 3761 censue,
1595 3691 1660 3748 et
1730 3683 2062 3766 episcopos
2133 3685 2200 3748 in
2271 3706 2389 3749 sua
2458 3687 2724 3768 regione

457 3837 502 3888 a)
536 3839 734 3879 nullatus
760 3842 800 3879 1.
921 3837 970 3889 b)
1003 3839 1234 3888 hospicum
1262 3841 1302 3877 1.
1430 3837 1471 3887 c)
1508 3839 1662 3887 propia
1689 3839 1743 3888 B,
1769 3837 1945 3886 propria
1971 3849 2080 3877 corr.
2103 3839 2152 3877 Τ.
2274 3837 2321 3886 d)
2354 3838 2652 3877 austeritatem
2681 3839 2719 3876 1.

456 3891 498 3942 e)
523 3893 752 3939 nostrique
777 3890 1010 3931 eorundem
1037 3892 1090 3940 B,
1118 3902 1226 3930 corr.
1251 3892 1300 3930 T.
1417 3885 1455 3935 f)
1481 3889 1596 3928 sedit
1621 3890 1676 3928 B.
1790 3887 1834 3938 g)
1862 3889 2063 3937 punitum
2088 3890 2142 3938 B,
2171 3900 2279 3928 corr.
2304 3889 2353 3928 T.
2459 3889 2507 3939 h)
2534 3899 2723 3928 murmu-

457 3943 626 3983 taribus
651 3944 704 3993 B,
747 3942 1138 3982 murmutatoribus
1173 3953 1281 3980 corr.
1314 3941 1367 3986 11‘3
1406 3941 1762 3980 criminatoribus
1792 3945 1831 3982 2.
1985 3941 2019 3992 1)
2067 3940 2288 3989 principes
2326 3943 2363 3979 et
2388 3940 2493 3979 huic
2519 3951 2546 3978 a
2572 3943 2609 3978 ct
2635 3941 2723 3988 epi-

457 4003 612 4043 scopos
630 4014 680 4022 —
697 3995 935 4032 minoratur
961 4003 1085 4032 erasa
1110 3995 1157 4032 in
1183 3993 1276 4032 cod.
1299 3994 1338 4042 1,
1366 3991 1441 4030 sed
1467 3994 1530 4030 ita
1554 3995 1602 4030 ut
1628 3991 1786 4041 dispici
1804 3993 1985 4040 possint.

460 4113 511 4179 1)
562 4111 687 4166 Odil
700 4112 845 4165 -rich
879 4131 947 4155 =
979 4113 1227 4179 praediis
1273 4113 1435 4166 dives·
1594 4110 1648 4176 2)
1698 4112 2058 4177 Iaremirum‚
2106 4112 2203 4180 qui
2244 4110 2484 4164 Traiecti
2527 4116 2724 4175 captus

456 4183 738 4236 tenebatur
752 4201 769 4245 ‚·
806 4180 878 4247 cf.
914 4197 1087 4248 supra
1124 4197 1168 4234 c.
1195 4182 1279 4236 23.
1418 4179 1472 4244 3)
1510 4179 1867 4246 S'wantopluk
1900 4179 2130 4242 (bohem.
2165 4180 2354 4246 swaty‚
2388 4180 2498 4245 pol.
2526 4177 2723 4246 swiety

454 4269 523 4294 =
560 4257 785 4305 sanctus
794 4267 814 4315 ,·
870 4250 986 4302 boh.
1023 4248 1171 4315 pluk,
1212 4250 1326 4318 pol.
1361 4247 1523 4317 polek
1558 4268 1627 4290 =
1698 4264 1825 4302 erm.
1863 4248 2016 4309 volk)
2065 4248 2353 4300 Moraviae
2390 4248 2503 4300 dux
2532 4252 2720 4313 pote-n-

457 4318 698 4372 tissimus
723 4318 970 4385 regnavit
988 4334 1040 4371 α.
1059 4317 1362 4378 870-894;
1391 4315 1458 4379 cf.
1482 4317 1659 4370 Palae
1692 4345 1695 4347 Δ
1730 4357 1744 4380 ,
1764 4315 1978 4370 ’683σῆ
1996 4332 2043 4369 v.
2060 4315 2322 4370 Bo'hmen'
2343 4317 2397 4381 I,
2418 4315 2723 4380 Dammler,

457 4385 644 4451 ‘Ostfn
676 4387 862 4440 Reich'
903 4385 986 4438 ΙΙ.
1022 4387 1142 4439 ΙΙΙ.
1280 4386 1335 4448 4)
1373 4386 1467 4440 Sic
1502 4400 1603 4451 pro
1640 4401 1697 4438 so
1720 4383 1966 4437 vehatur.
2038 4386 2104 4436 L.
