3100 5050
254 631 357 670 Mai.
380 632 429 670 17

234 681 355 732 (Iun.
375 680 459 731 18).

188 1165 383 1216 luanus,
400 1169 463 1208 18.

492 399 595 453 246
992 396 1397 453 ΤΗΙΕΤΜΑΒΙ
1432 395 1697 453 CHRON.
1766 397 1906 453 LIB.
1939 397 2021 452 IX
2057 398 2250 464 (VIII).

490 550 651 633 fugi.
738 547 899 616 Post
940 551 1057 616 hec
1099 551 1259 616 vixit
1302 556 1491 633 pater
1540 551 1926 617 venerabilis
1978 549 2286 616 tredecim
2341 550 2770 631 ebdomadae,

490 635 659 702 XVI.
687 635 831 702 Kal.
876 634 1047 700 Iunii
1065 635 1107 715 l,
1152 645 1465 718 exoptans
1509 636 1759 704 resolvi.

667 722 767 786 11.
814 720 933 806 (8.)
995 721 1265 806 Insuper
1306 721 1400 804 pii
1435 720 1694 786 abbatis
1731 719 2025 786 Alfkeri²
2061 720 2389 803 quandam
2423 722 2772 785 accionem

493 806 812 888 egreiam⁸
846 805 915 869 in
950 807 1310 890 exemplum
1347 806 1664 872 imitabile
1697 806 1978 890 profero.
2051 804 2173 870 Hic
2210 813 2428 888 preter
2461 812 2772 872 caeteras

491 892 763 956 virtutes
809 911 961 956 suas
1019 891 1143 955 hoc
1194 892 1263 955 in
1314 911 1440 956 usu
1492 889 1748 969 habuit,
1805 890 1977 974 quod
2030 909 2264 955 nomen
2317 911 2504 956 suum
2563 910 2774 975 super

492 976 701 1041 altare
758 974 1093 1060 quodlibet
1144 976 1433 1060 scripsit3
1494 982 1562 1040 et
1616 977 1768 1041 dum
1827 977 1964 1060 ipse
2019 976 2284 1041 missam
2343 982 2629 1057 caneret,
2695 979 2776 1040 in

490 1067 749 1127 tantum
791 1060 991 1141 flevit,
1046 1068 1121 1126 ut
1164 1061 1448 1126 maxima
1491 1062 1846 1144 corporalis
1891 1082 2045 1144 pars
2097 1061 2602 1147 humectaretur,
2661 1063 2774 1125 nil

492 1148 798 1227 hesitanS,
846 1146 1036 1230 quod,
1084 1147 1255 1211 sicut
1298 1147 1610 1231 scriptum
1655 1153 1770 1225 est,
1817 1147 2122 1212 lacrimae
2161 1169 2282 1231 pro
2317 1148 2592 1232 peccatis
2625 1169 2774 1212 cor-

490 1233 741 1298 demun
784 1231 1013 1318 effusae
1054 1232 1343 1296 divinam
1384 1254 1507 1296 non
1551 1233 1733 1298 modo
1764 1243 2027 1317 poscunt
2059 1233 2324 1313 veniam,
2370 1234 2478 1298 sed
2521 1229 2772 1331 [etiam]

496 1320 563 1382 in
608 1328 846 1398 etrum&
882 1323 949 1382 et
984 1323 1056 1381 ut
1092 1337 1169 1381 eo
1204 1315 1474 1382 liberius
1510 1317 1790 1383 caeleste
1823 1316 2240 1400 suffragiumb
2275 1317 2600 1400 inplorare
2633 1315 2776 1381 sib1

492 1424 575 1466 va
600 1403 821 1480 uisset,
866 1403 1115 1466 cunctis
1160 1399 1560 1467 debitoribus
1603 1404 1740 1467 suis
1784 1403 2152 1467 misericors
2187 1401 2328 1466 fuit.
2420 1401 2562 1466 Heu
2601 1402 2773 1466 mihi

492 1486 757 1570 indigno
792 1486 1141 1564 sacerdoti,
1188 1486 1327 1551 Hos
1358 1487 1690 1569 predictos
1725 1487 1958 1551 fratres
1994 1489 2104 1571 qui
2140 1487 2206 1551 in
2243 1487 2422 1551 nullo
2451 1506 2773 1568 umquam

493 1577 830 1636 assecutus
874 1571 1039 1637 fui-⁹⁵!
1127 1571 1457 1636 Bonorum
1493 1573 1786 1654 exempla
1823 1573 2170 1637 multorum
2211 1572 2339 1655 legi
2375 1592 2452 1636 ac
2486 1592 2770 1655 persepe

493 1658 651 1736 vidi,
718 1656 845 1722 Sed
906 1658 1106 1721 menti
1165 1678 1347 1723 meae
1408 1658 1571 1723 haec
1631 1679 1760 1722 non
1833 1659 2128 1743 apposui3
2202 1656 2770 1741 Temptationibus

494 1744 719 1818 variis,
780 1742 1015 1824 quibus
1074 1744 1379 1807 resistere
1436 1742 1660 1821 debui,
1735 1743 2112 1808 voluntarie
2169 1763 2245 1806 ac
2310 1763 2438 1806 non
2503 1741 2774 1806 fortiter

493 1827 869 1892 reluctando
916 1828 1251 1906 succubui;
1301 1828 1546 1907 Quibus
1591 1829 1895 1911 prodesse
1941 1825 2155 1906 debui,
2201 1848 2319 1910 pro
2356 1826 2567 1892 dolor!
2611 1827 2770 1910 plus

493 1913 693 2061 nolcui
738 1913 821 1976 Et
866 1918 939 1976 ut
972 1913 1201 1995 optimi
1251 1914 1608 1977 archanum
1654 1913 1948 1978 thesauri
1983 1913 2225 1978 crimen
2263 1931 2474 1977 meum
2509 1931 2772 1994 semper

494 2018 567 2062 ce
592 2017 716 2064 avl.

671 2085 771 2150 12.
832 2081 979 2146 Non
1030 2088 1129 2146 est
1186 2102 1372 2164 opus,
1431 2082 1637 2148 lector
1689 2082 1788 2146 vel
1841 2081 2001 2146 mihi
2059 2101 2210 2146 care
2269 2101 2628 2160 successor,
2689 2088 2772 2146 ut

496 2167 659 2232 varii
710 2168 929 2232 favore
985 2166 1158 2249 vulgi
1213 2167 1293 2230 de
1352 2188 1495 2231 mea
1538 2166 1948 2249 proficuitate
2003 2166 2257 2244 credas3
2317 2165 2445 2230 Sed
2499 2165 2771 2230 assiduo

496 2253 805 2319 oraminis
849 2273 928 2316 ac
972 2253 1467 2316 elemosinarum
1506 2251 1934 2317 medicamine
1967 2252 2166 2315 *mihi
2203 2251 2314 2315 diu
2349 2251 2578 2316 fetenti
2615 2272 2770 2316 suc-

497 2359 763 2403 currens
808 2337 888 2402 de
924 2337 1225 2402 faucibus
1263 2339 1510 2402 voracis
1557 2338 1696 2418 lupi
1733 2359 1834 2401 me
1885 2337 2270 2401 dilaniatum
2307 2337 2563 2419 eripias.
2625 2337 2769 2420 Ego

498 2425 796 2488 conscius
833 2423 992 2487 mihi
1027 2423 1235 2488 multo
1270 2423 1676 2488 credibiliora
1711 2422 1833 2487 tibi
1870 2443 2063 2505 quam
2100 2423 2270 2486 alius
2305 2422 2541 2486 indic0.
2597 2421 2771 2486 Sunt

496 2532 776 2592 namque
819 2509 1141 2586 nonnulli,
1198 2529 1361 2592 quos
1405 2509 1638 2575 leniter
1693 2509 1930 2574 iniuste
1983 2509 2282 2588 tractavi3
2345 2528 2616 2592 cumque
2667 2507 2771 2572 hii

496 2616 614 2679 pro
660 2596 909 2659 meritis
943 2592 1019 2745 ga
1061 2592 1151 2681 te]
1196 2595 1652 2677 corripiuntur,
1699 2594 1857 2676 quid
1894 2596 2148 2673 mirum,
2193 2595 2248 2658 si
2287 2614 2370 2681 ex·
2402 2614 2544 2658 mea
2577 2600 2770 2677 parte

498 2679 749 2765 aliquid
794 2680 943 2745 frau
991 2680 1244 2745 nlenter
1290 2687 1539 2747 sonant.
1630 2680 1732 2745 Sis
1785 2681 1956 2743 inter
2008 2680 2406 2744 detractores
2461 2700 2636 2742 meos
2687 2700 2770 2745 ac

496 2766 873 2831 laudatores
918 2766 1133 2830 varios
1181 2765 1432 2831 medius
1485 2766 1571 2831 Et
1605 2772 1764 2849 aput
1802 2765 2000 2829 Deum
2031 2764 2419 2847 suffragator
2444 2763 2770 2829 assiduus.

498 2851 667 2931 Sci0,
716 2852 913 2935 quod,
961 2853 1131 2917 sicut
1174 2870 1313 2915 mos
1358 2854 1710 2915 communis
1757 2859 1870 2925 est,
1917 2849 2192 2914 multum
2227 2850 2349 2915 tibi
2386 2870 2464 2914 ex
2495 2870 2598 2913 me
2634 2848 2770 2913 dis-

495 2937 711 3021 plicet,
760 2936 944 3016 Quod
988 2942 1061 3001 ut
1104 2937 1173 3000 in
1217 2936 1447 3001 melius
1491 2942 1800 3008 vertatur,
1848 2936 1982 2999 Deo
2029 2945 2093 2999 et
2131 2934 2495 3000 hominibus
2531 2934 2769 3018 placet.

500 3022 819 3105 Quicquid
864 3023 931 3086 in
975 3023 1290 3103 permisso
1336 3022 1630 3086 contraxi
1668 3018 1789 3106 [vel
1825 3019 1950 3085 feci
2013 3019 2457 3103 *temporeo-4,
2505 3020 2767 3103 scriptis

499 3107 878 3173 affirmavi5.
966 3106 1101 3171 Nec
1146 3107 1234 3171 sis
1280 3107 1497 3189 magni
1542 3106 1804 3170 honoris
1849 3107 1948 3170 tui
2031 3106 2296 3185 elacior,
2355 3104 2517 3169 Cum
2562 3106 2651 3170 sis
2695 3106 2768 3169 in

501 3193 779 3277 inposito
837 3192 1117 3275 pondere
1175 3212 1249 3255 eo
1307 3193 1582 3273 gravior.
1679 3190 1838 3256 Rem
1896 3192 2220 3256 commissi
2273 3192 2484 3275 gregis
2539 3195 2771 3255 cautus

503 3283 803 3358 operator
844 3278 1154 3359 inspicias
1200 3276 1303 3356 Et,
1348 3283 1423 3341 ut
1467 3276 1686 3341 divina
1729 3276 2127 3342 secularibus
2149 3275 2236 3426 (ξε,
2273 3275 2358 3363 te]
2406 3296 2768 3359 proponan-

500 3371 627 3436 tur,
674 3363 945 3427 multum
990 3362 1273 3428 studeas,
1362 3363 1542 3440 Quae
1587 3362 2018 3427 confratribus
2065 3362 2143 3426 de
2192 3364 2213 3425 i
2259 3364 2418 3427 meis
2463 3362 2772 3445 spiritua-

501 3448 698 3527 libus,
770 3450 839 3512 in
894 3456 1205 3531 quantum
1258 3448 1493 3529 possis,
1562 3468 1726 3530 auge
1788 3448 1878 3511 Ac
1931 3447 2049 3511 sub
2105 3447 2347 3511 Christi
2399 3446 2772 3511 testimonio

503 3539 766 3617 rogatus
818 3534 913 3598 nil
964 3533 1199 3598 minue.
1297 3532 1409 3596 Hii
1462 3539 1614 3598 sunt
1666 3539 2108 3615 cooperatores
2162 3534 2331 3597 sacri
2382 3531 2626 3595 ordinis
2670 3533 2776 3596 tui

504 3621 588 3684 Et
632 3618 893 3683 futurae
928 3618 1261 3683 adiutores
1306 3620 1463 3701 spei.
1555 3620 1649 3682 De
1685 3617 1869 3681 laicis
1909 3617 2035 3682 huc
2071 3624 2262 3701 atque
2296 3617 2450 3681 illuc
2487 3615 2773 3681 titubare

503 3726 579 3769 ac
623 3705 993 3771 transferrie
1035 3704 1399 3769 valentibus
1444 3724 1563 3788 pro
1601 3701 2032 3787 possibilitate
2069 3709 2184 3767 tua
2221 3722 2376 3785 rogo
2414 3703 2478 3765 in
2514 3706 2772 3767 tantum

503 3879 547 3971 ἲ)
572 3878 739 3972 &gaiam
759 3881 801 3918 1.
903 3876 949 3927 b)
976 3875 1183 3917 suffrntor
1208 3878 1245 3917 1.
1353 3875 1395 3926 c)
1421 3878 1467 3916 in
1496 3878 1691 3925 tempore
1713 3875 1754 3925 Ο,
1781 3875 1828 3913 in
1857 3884 2023 3913 erasum
2041 3875 2082 3913 1.
2187 3874 2231 3923 d)
2260 3875 2276 3913 i
2302 3872 2405 3913 add.
2428 3874 2477 3912 T.
2589 3870 2630 3923 e)
2655 3874 2776 3911 tran-

525 3943 573 3972 er
667 3959 676 3969 .

506 4068 557 4130 1)
595 4067 813 4121 Necroz.
843 4068 1074 4122 Merseb.
1112 4069 1239 4121 Iun.
1270 4068 1358 4121 18:
1408 4063 1734 4119 Bernharius
1771 4061 2054 4130 presbiter.
2185 4062 2238 4127 2)
2277 4060 2774 4140 Maydeburqensis

505 4135 935 4201 (1005—1009);
992 4136 1061 4203 cf.
1106 4152 1283 4203 supra
1342 4135 1439 4201 VI,
1484 4136 1554 4187 20
1596 4140 1646 4188 et
1689 4134 1834 4186 Arm.
1883 4132 2079 4199 Mayd.
2127 4148 2181 4185 a.
2219 4132 2370 4185 1009.
2519 4130 2574 4209 3)
2621 4129 2776 4183 Hanc

502 4220 675 4269 usque
719 4203 779 4257 in
814 4204 1051 4258 medium
1094 4221 1141 4258 c.
1170 4206 1236 4259 13
1270 4210 1323 4258 et
1348 4209 1542 4269 postea
1579 4202 1804 4268 saepius
1833 4200 2178 4255 Thietmarus
2204 4199 2334 4252 bina
2362 4204 2774 4276 enunctatomm

506 4274 625 4327 cola
661 4273 798 4339 pari
839 4274 1076 4341 quodam
1120 4274 1443 4326 ultimarum
1494 4272 1832 4339 syllabarum
1875 4284 2006 4323 sono
2050 4269 2162 4322 eive
2206 4274 2556 4331 assonant-‘zm
2684 4280 2774 4318 am

502 4356 605 4396 noe
638 4340 795 4395 Reim
832 4341 1087 4407 dicimm,
1125 4342 1432 4405 coniunxit;
1472 4340 1541 4407 cf.
1567 4338 1722 4407 infra
1757 4354 1802 4392 c.
1838 4337 1925 4392 27.
2061 4336 2116 4401 4)
2166 4334 2319 4401 Cous.
2355 4350 2530 4402 supra
2564 4336 2602 4388 I
2635 4374 2652 4401 ,
2691 4336 2776 4386 11.

502 4408 556 4475 5)
594 4410 813 4465 Scilicet
844 4410 1231 4479 martyroloyio
1266 4410 1425 4476 infra
1460 4411 1870 4463 commemorato
1907 4411 1958 4460 et
1993 4405 2239 4460 chronico
2274 4406 2389 4459 hoc.

2803 2253 2825 2276 ‘²
2843 2251 3009 2303 sol.182,
3036 2277 3037 2304 3

2855 2315 2948 2343 man
3036 2321 3037 2324 ¹

2798 3038 2821 3060 *
2845 3050 2892 3087 p.
2914 3032 2991 3075 865.
