3100 5050
437 399 508 453 90
1025 392 1429 450 ΤΗΙΕΤΜΑΒΙ
1464 394 1727 451 CHRON.
1797 396 1934 450 LIB.
1972 396 2105 451 1111.

205 558 399 631 (1000).
437 549 704 615 Radimo
739 547 1074 633 eidemque
1109 547 1430 615 subiciens
1465 547 1917 627 Reinbernum,
1969 548 2189 615 Salsae
2236 550 2683 635 Cholbergien-

434 636 524 701 sis
557 634 908 700 aecclesiae
943 635 1328 719 episcopum,
1378 636 1739 719 Popponem
1776 635 2297 714 cracuaensem⁸‚
2336 636 2685 703 Iohannem

434 721 1018 799 wrotizlaensemb,
1056 721 1348 804 Vungero
1384 721 1841 786 Posnaniensi⁰
1876 728 2139 806 excepto
2160 721 2208 802 1;
2253 722 2551 807 factoque
2594 724 2685 789 ibi

434 807 624 872 altari
668 814 926 873 sanctas
970 808 1036 872 in
1081 828 1157 872 eo
1200 806 1546 872 honorifice
1592 807 1880 873 condidit
1920 808 2245 893 reliquias,

602 895 708 962 46.
793 893 1100 959 perfectis
1154 900 1305 958 tunc
1361 892 1657 958 omnibus
1719 895 2069 978 imperator
2120 916 2159 959 a
2212 894 2466 978 prefato
2524 895 2684 960 duce

434 979 682 1062 magnis
736 979 1108 1045 muneribus
1162 980 1506 1045 decoratur
1568 985 1649 1056 et,
1705 979 1876 1064 quod
1929 981 2205 1046 maxime
2257 981 2380 1046 sibi
2426 982 2684 1063 placuit,

126 1084 284 1134 ram.
314 1085 407 1125 eur.
434 1065 738 1131 trecentis
816 1064 1130 1130 militibus
1206 1066 1512 1132 loricatis.
1642 1065 1830 1131 Hunc
1907 1066 2251 1132 abeuntem
2328 1067 2686 1132 Bolizlavus

192 1170 319 1211 murt.
339 1174 405 1212 24.
435 1152 744 1218 comitatu
778 1173 981 1235 usque
1015 1151 1100 1217 ad
1135 1151 1578 1236 Magadaburg
1613 1151 1873 1217 deducit
1908 1154 2139 1235 egreio,
2180 1153 2290 1219 ubi
2327 1153 2685 1236 palmarum

194 1257 320 1299 um.
339 1258 405 1298 85.
435 1238 769 1303 sollemnia
795 1238 1044 1303 celebre
1071 1244 1335 1321 peracta
1363 1244 1513 1303 sunt
1525 1237 1575 1305 ².
1638 1237 1933 1303 Secunda
1969 1238 2134 1304 feria
2170 1239 2686 1323 archiepiscopus

435 1323 722 1389 eiusdem
791 1324 918 1388 loci
985 1324 1394 1407 imperatoris
1463 1323 1678 1390 edictu
1747 1326 2026 1407 priorem
2088 1325 2409 1410 suscipere
2472 1326 2683 1391 sedem

433 1417 696 1494 rogatus
751 1409 904 1475 data
954 1410 1366 1475 internuntiis
1417 1431 1655 1492 magna
1705 1412 1977 1494 pecunia
2029 1411 2321 1477 inducias
2367 1432 2567 1495 usque
2602 1412 2687 1477 ad

435 1495 964 1579 Quidilingeburg
1005 1496 1112 1560 vix
1155 1496 1538 1579 impetravit.
1636 1497 1737 1561 Fit
1789 1496 1943 1561 illuc
1996 1517 2263 1580 magnus
2316 1504 2685 1563 senatorum

193 1602 406 1644 aarum.
437 1603 783 1647 concursus
796 1581 853 1662 33
893 1582 1224 1664 paschalia
1259 1584 1461 1647 eciam
1505 1581 1598 1647 ibi
1631 1587 2027 1667 peraguntur
2061 1583 2323 1666 gaudia,
2370 1589 2437 1648 et
2470 1583 2689 1649 habito

239 1689 346 1738 Apr.
367 1693 405 1729 1.
434 1670 501 1734 in
562 1668 646 1733 II.
691 1667 858 1733 feria
912 1668 1139 1733 sinodo
1201 1669 1434 1734 iterum
1495 1667 1869 1734 *Gisillerus
1927 1675 2211 1735 vocatur.
2327 1668 2451 1734 Hic
2513 1668 2687 1734 infir-

433 1755 694 1819 mitate‘1
737 1775 1076 1840 oppressus
1129 1755 1344 1820 valida
1397 1777 1436 1819 a
1486 1754 1775 1840 predicto
1828 1761 2170 1821 excusatur
2218 1756 2577 1819 Rotmanno
2622 1760 2689 1821 et

433 1841 500 1905 in
543 1840 762 1905 multis
807 1863 847 1905 a
884 1840 1262 1907 Waltherdo
1305 1849 1459 1906 tunc
1502 1842 1829 1927 preposito
1868 1840 2252 1908 defenditur.
2342 1840 2687 1906 indicitur*³

248 1946 387 1999 (11.1).
433 1927 583 1991 huic
629 1927 968 1992 concilium
1022 1928 1088 1992 in
1131 1928 1639 2012 Aquisgranif·4,
1699 1948 1827 2012 quo
1870 1928 2008 2009 ipse
2054 1948 2198 1992 cum
2252 1928 2385 1992 suis
2430 1928 2688 1993 veniens

432 2014 668 2079 iterum
738 2011 822 2077 ab
893 2012 1346 2079 archidiacono
1419 2014 1748 2079 Romanae
1819 2013 1989 2079 sedis
2069 2013 2437 2096 alloquitur.
2564 2013 2689 2093 Qui

435 2099 709 2184 sapient-i
754 2100 1020 2165 consilio
1067 2121 1220 2165 usus
1271 2101 1569 2183 generale
1627 2098 1749 2165 sibi
1800 2098 2089 2183 postulat
2131 2099 2273 2164 dari
2317 2101 2687 2178 concilium3

434 2187 652 2270 sicque
697 2185 1060 2251 indiscussa
1102 2185 1306 2251 dilata
1351 2192 1504 2250 sunt
1555 2185 1715 2252 haec
1768 2186 2011 2263 omnia,
2066 2207 2269 2270 usque
2322 2185 2475 2250 dum
2528 2185 2687 2251 haec

435 2272 611 2337 Deus
654 2270 839 2337 finire
883 2272 1188 2355 dignatus
1233 2278 1333 2336 est
1375 2274 1613 2337 nostris
1656 2272 1983 2353 propicius
2028 2271 2440 2354 temporibus.

604 2359 707 2424 47.
739 2359 901 2444 (29.)
955 2358 1316 2441 Imperator
1343 2358 1675 2442 antiquam
1704 2358 2133 2423 Romanorum
2162 2356 2687 2423 consuetudinem

436 2447 564 2510 iam
603 2466 682 2509 ex
714 2449 898 2528 parte
937 2442 1218 2533 [magna]
1263 2443 1535 2510 deletam
1577 2446 1711 2511 suis
1750 2445 2013 2528 cupiens
2048 2464 2352 2509 renovare
2386 2444 2691 2528 tempori-

435 2532 557 2597 bus
608 2531 812 2596 multa
857 2530 1165 2611 faciebat,
1231 2553 1397 2615 quae
1441 2532 1678 2598 diversi
1723 2531 1971 2596 diverse
2023 2531 2398 2599 sentiebant.
2500 2530 2689 2596 Solus

435 2618 522 2684 ad
564 2638 852 2682 mensam
895 2619 1082 2700 quasi
1127 2618 1571 2684 semicirculus
1615 2618 1849 2683 factam
1886 2617 2026 2682 loco
2066 2619 2375 2683 caeterisss
2412 2618 2691 2682 eminen-

436 2705 595 2770 ciori
641 2702 927 2769 sedebat.
1038 2703 1265 2770 Karoli
1321 2706 1559 2769 cesaris
1622 2725 1770 2770 ossa
1826 2703 1939 2768 ubi
1990 2705 2489 2788 requiescerent,
2545 2724 2691 2768 cum

435 2790 778 2869 dubitaret,
824 2797 1013 2874 rupto
1059 2792 1222 2856 clam
1271 2791 1651 2873 pavimentO,
1701 2790 1810 2855 ubi
1848 2812 1924 2855 ea
1960 2811 2101 2855 esse
2132 2791 2401 2875 putavit,
2448 2789 2687 2869 fodere,

435 2897 768 2961 quousque
811 2875 971 2941 haec
1015 2877 1081 2941 in
1128 2877 1338 2945 solio⁵
1381 2878 1637 2943 inventa
1683 2881 1833 2941 sunt
1874 2876 2068 2959 regio,
2122 2877 2330 2944 iussit.
2418 2875 2687 2941 Crucem

435 2984 728 3041 auream,
791 2983 954 3046 quae
1015 2965 1082 3028 in
1144 2963 1310 3028 collo
1372 2964 1509 3030 eius
1571 2963 1895 3048 pependit,
1962 2983 2106 3027 cum
2165 2963 2690 3028 vestimentorum

436 3054 618 3133 parte
673 3048 886 3114 adhuc
931 3048 1426 3132 imputribilium
1484 3071 1742 3116 sumens
1796 3054 2053 3114 caetera
2098 3069 2237 3112 cum
2284 3049 2693 3113 veneratione

437 3156 671 3219 magna
723 3136 1024 3219 reposuit.
1125 3133 1251 3201 Sed
1303 3137 1460 3218 quid
1514 3157 1857 3201 memorem
1914 3135 2195 3218 singulos
2246 3133 2534 3200 eiusdem
2588 3155 2693 3199 ac-

183 3241 313 3281 Prud.
339 3240 384 3279 in
437 3243 656 3287 cessus
685 3226 751 3287 et
774 3243 1062 3287 recessus
1088 3243 1205 3306 per
1235 3240 1456 3287 omnes
1493 3224 1729 3288 suimet
1762 3221 2167 3305 episcopatus
2202 3228 2268 3287 et
2302 3221 2692 3286 comi-tatus?

157 3291 409 3384 δ”ἳὲὲζη
439 3308 705 3374 Cunctis
733 3307 906 3392 apud
934 3307 1392 3391 Transalpinos
1441 3308 1601 3373 bene
1643 3307 1971 3392 dispositis
2001 3307 2359 3388 Romanum
2387 3305 2695 3371 visitabat

437 3462 482 3513 11.)
522 3475 549 3502 n.
576 3475 739 3504 nasum
766 3466 805 3504 1.
927 3461 974 3513 b)
1021 3464 1392 3504 uui-atizlaensem
1429 3464 1476 3503 V.
1602 3461 1642 3510 c)
1684 3463 2021 3510 posnaniensem
2048 3463 2101 3500 Β.
2230 3460 2277 3511 d)
2318 3460 2539 3501 infirmate
2566 3463 2615 3512 B,
2657 3461 2693 3499 it

438 3515 542 3555 add.
565 3517 613 3556 T.
720 3516 763 3566 0)
787 3515 996 3554 inciditur
1019 3516 1072 3566 B,
1099 3527 1208 3555 corr.
1233 3515 1280 3555 T.
1386 3515 1424 3564 s)
1449 3514 1671 3564 aqisgrani
1697 3515 1736 3552 1.
1841 3513 1888 3564 g)
1913 3514 2071 3570 cetgris
2098 3524 2205 3552 corr.
2236 3514 2394 3552 ceteris
2422 3517 2461 3553 1.

443 3619 494 3684 1)
547 3619 753 3686 Taqino
790 3621 823 3673 l.
853 3637 928 3674 c..·
983 3620 1275 3687 imperator
1321 3649 1384 3658 —
1422 3647 1490 3656 —
1533 3619 1593 3672 in
1628 3617 1747 3685 ipsa
1780 3615 1911 3670 urbe
1949 3615 2112 3670 Gnesi
2150 3614 2509 3671 Gaudentium
2544 3615 2692 3670 beati

440 3686 725 3742 Adalberti
773 3704 1093 3757 germanum
1151 3688 1444 3743 consecrari
1492 3688 1623 3742 fecit
1677 3685 2130 3752 archiepiscopum
2189 3686 2238 3739 ei
2277 3702 2341 3738 ue
2397 3688 2506 3739 tres
2561 3685 2693 3738 alios

442 3758 710 3825 episcopos
746 3758 804 3811 in
838 3756 1014 3811 tribus
1049 3757 1195 3820 locis,
1231 3756 1289 3811 id
1325 3760 1408 3811 est
1443 3755 1863 3816 Salzcholberch‚
1901 3752 2161 3816 Cracowe‚
2267 3754 2521 3809 rotizlave
2558 3753 2694 3808 ordi-

442 3829 599 3881 natos
635 3826 888 3890 subiecit;
924 3825 1340 3881 Poznaniensem
1367 3843 1491 3880 vero
1527 3826 1829 3892 episcopum
1856 3841 1962 3877 non
1990 3823 2371 3878 assentientem
2397 3823 2564 3890 priori
2588 3823 2696 3876 iuri

442 3898 498 3950 et
523 3894 1000 3964 Magdeburgensis
1033 3895 1418 3963 archiepiscopi
1443 3894 1763 3949 subiectioni
1790 3893 2028 3962 reliquit.
2101 3893 2255 3948 Tunc
2280 3893 2453 3962 ἱρέων
2479 3911 2530 3946 a.
2562 3895 2697 3947 1000

443 3966 511 4020 ab
551 3964 739 4020 Ottone
775 3965 1277 4032 archiepiscopatus
1311 3966 1372 4018 in
1409 3963 1626 4020 Gnesen
1663 3970 1713 4018 et
1748 3963 2094 4031 episcopatus
2126 3963 2187 4015 in
2216 3962 2472 4030 Kolberq,
2506 3961 2697 4030 (quam

441 4035 628 4088 urbem
669 4034 782 4088 iam
823 4041 937 4089 tum
973 4035 1166 4089 salinis
1203 4035 1408 4089 claram
1429 4034 1618 4098 fuisse
1658 4032 1785 4087 hinc
1830 4032 2102 4101 apparea)
2150 4030 2407 4097 Krakau‚
2456 4031 2699 4084 Brcslau

443 4103 720 4158 constituti
777 4108 920 4159 sunt.
1024 4103 1287 4171 Diploma
1347 4102 1428 4156 ibi
1486 4103 1674 4156 datum
1736 4108 1815 4156 est
1874 4102 2048 4156 Mart.
2086 4100 2151 4154 15
2211 4097 2469 4167 (Stumpf
2527 4100 2696 4162 1213).

443 4171 497 4238 2)
548 4170 756 4226 Cluana
800 4172 881 4226 ibi
927 4171 1062 4226 data
1107 4177 1187 4226 est
1219 4172 1391 4226 Mart.
1418 4173 1486 4226 23
1532 4171 1785 4240 (Stampf
1827 4170 2001 4232 1214).
2153 4168 2208 4233 3)
2258 4170 2577 4237 Diplomata
2620 4168 2707 4240 ibi=

445 4242 578 4296 data
605 4247 733 4296 sunt
757 4243 895 4307 Apr.
927 4241 1087 4294 1—21
1118 4240 1373 4308 (Stampf
1391 4241 1772 4304 1215—1219).
1908 4239 1961 4300 4)
2008 4237 2117 4293 Ubi
2138 4239 2301 4292 datae
2326 4244 2456 4293 sunt
2480 4237 2701 4292 chartae

446 4311 584 4377 Apr.
609 4311 891 4365 :zo—Mai.
920 4311 986 4364 15
1019 4308 1274 4377 (Stumpf
1302 4310 1686 4373 1220—1224).
1823 4308 1877 4373 5)
1917 4309 2033 4372 Quo
2066 4308 2279 4360 nomine
2312 4307 2411 4362 hoc
2444 4308 2559 4360 loco
2592 4322 2701 4359 non

447 4379 632 4435 sellam
665 4379 890 4448 reqiam,
925 4379 1022 4432 sed
1053 4378 1452 4448 sarcophayum
1487 4378 1793 4445 sianificari
1815 4377 2043 4443 Linder,
2070 4374 2499 4442 ‘Forschunqm’
2530 4375 2700 4440 XIX,

444 4464 500 4516 p.
529 4450 625 4503 181
644 4474 709 4484 —-
729 4449 827 4502 186
862 4447 1265 4503 demonstravit.

2716 1691 2738 1713 *
2757 1690 2841 1740 soi.
2861 1690 2947 1729 ὅθ’.

3050 4231 3081 4414 -Α
