3100 5050
121 1131 145 1153 *
164 1132 252 1180 soz.
275 1132 376 1172 135⁴.

129 3039 149 3061 ¹⁸
167 3040 253 3090 sol.
278 3040 370 3079 136.

929 447 1336 503 THIETMARI
1371 445 1635 501 CHRON.
1706 446 1843 501 LIB.
1880 447 1987 501 VII
2027 447 2160 511 (VI).
2577 450 2677 503 185

409 621 724 684 pauperes
762 621 914 665 suos
950 600 1103 664 fidei
1142 600 1458 664 commisit
1500 621 1699 663 meae.
1793 599 2041 663 Dehinc
2077 600 2473 664 camerarius
2509 600 2674 663 eius-
2712 612 2865 667 1013.

412 686 554 751 dem
602 684 866 751 effectus
913 707 1069 753 sum.
1161 686 1286 749 Sed
1331 706 1477 748 cum
1521 684 1631 748 ille
1676 685 1841 767 pius,
1888 706 2081 766 quam
2128 704 2379 765 semper
2414 684 2675 767 optavit,
2702 678 2861 719 ¹⁸¹¹·3·

411 772 752 835 caelestem
817 779 1111 853 pergeret
1172 770 1255 835 ad
1322 770 1629 853 patriam,
1698 777 1912 833 vestra
1978 769 2289 833 electione
2356 770 2675 833 communi

411 862 478 919 et
528 877 792 920 munere
844 855 1048 938 regali
1099 855 1250 919 huic
1303 855 1605 937 indignus
1661 854 2099 921 succedebam.
2208 854 2437 932 Omne,
2502 855 2674 938 quod

409 942 682 1005 invicem
726 943 1149 1022 peccavimUS,
1205 961 1424 1005 amore
1471 940 1713 1004 Christi
1758 961 1838 1004 ex
1881 940 2071 1003 corde
2124 942 2547 1010 remittamus,
2602 947 2677 1004 ut

409 1048 553 1091 cum
617 1026 788 1091 bona
846 1048 1006 1108 pace
1071 1024 1292 1113 [nunc]
1359 1026 1643 1109 separati
1720 1046 2082 1091 mereamur
2154 1027 2221 1089 in
2284 1025 2388 1089 die
2450 1026 2674 1091 ultimo

411 1109 698 1197 [iterum]
763 1113 1015 1179 sociari.
1129 1112 1300 1174 *Hoc
1355 1111 1426 1175 in
1489 1112 1792 1175 extremis
1854 1112 2117 1175 meimet
2176 1110 2435 1175 salubre
2494 1110 2673 1175 vobis
2703 1130 2980 1178 Annonem.

407 1197 750 1261 consilium
819 1196 931 1273 do,
1006 1204 1076 1262 ut
1145 1196 1510 1273 Oddonem,
1584 1197 1697 1278 qui
1765 1196 2195 1259 fraternitatis
2255 1201 2507 1259 vestrae
2577 1203 2677 1260 est

407 1284 786 1366 particeps⁸,
825 1284 1146 1346 communi
1183 1288 1556 1347 nostrorum
1594 1302 1907 1347 consensu
1944 1281 2027 1345 ad
2062 1288 2377 1345 rectorem
2412 1288 2673 1345 nostrae

409 1368 702 1449 eligatisb
747 1367 1100 1432 aecclesiae
1157 1375 1224 1431 et
1267 1368 1352 1432 ad
1397 1368 1745 1431 utilitatem
1802 1368 2071 1449 patriae,
2118 1367 2401 1431 divinam
2438 1366 2671 1449 suppli-

408 1460 630 1517 cantes
683 1453 1021 1536 pietatem,
1076 1454 1143 1515 in
1195 1453 1380 1517 cuius
1434 1474 1630 1519 manu
1682 1473 1791 1516 cor
1843 1453 2013 1533 regis
2068 1460 2190 1532 est,
2246 1454 2553 1534 quatinus
2606 1451 2674 1515 id

407 1534 534 1602 sibi
584 1538 821 1621 placite
870 1538 1285 1622 perficiatur.’
1395 1538 1581 1603 Talia
1632 1537 2002 1602 hortantem
2057 1557 2277 1601 omnes
2322 1536 2676 1601 exaudiunt

408 1629 476 1687 et
530 1624 630 1687 sui
685 1624 1176 1689 benivolentiam
1235 1630 1302 1688 et
1357 1624 1877 1706 procurationem
1934 1622 2327 1687 unanimiter
2387 1622 2673 1689 laudant.

411 1708 707 1774 Crastino
759 1708 1086 1773 dominica
1141 1709 1278 1773 dies
1330 1708 1572 1785 illuxit,
1628 1714 1695 1772 et
1746 1708 1851 1771 ille
1906 1708 2137 1773 beatus
2189 1713 2377 1791 pater
2426 1728 2671 1773 summo
2701 1724 2859 1767 lan.4.

407 1795 658 1873 pastori
709 1816 964 1876 gregem
1021 1794 1146 1861 sibi
1197 1792 1526 1858 subditum
1582 1792 1882 1857 manibus
1936 1794 2201 1857 elevatis
2250 1815 2393 1857 cum
2440 1795 2671 1874 spiritu

407 1880 812 1946 committens
884 1880 970 1944 ΙΙ.
1025 1879 1188 1945 Non.
1246 1878 1430 1943 Febr.
1450 1879 1473 1921 ¹
1545 1878 1888 1943 defunctus
1956 1880 2190 1962 pergit,
2272 1900 2399 1961 quo
2459 1881 2675 1943 vivens

405 1964 698 2029 tetendit.
788 1965 1028 2029 Fuerat
1071 1966 1239 2027 enim
1285 1984 1456 2043 uuus
1494 1985 1571 2028 ex
1608 1984 1873 2029 numero
1908 1985 2149 2042 eorum,
2196 1985 2355 2047 quos
2389 1976 2455 2029 ut
2488 1965 2673 2029 nubes
2698 1983 2803 2023 1⁵2¹·
2821 1985 2887 2035 60,
2913 1986 2952 2024 8-

405 2060 462 2113 et
505 2050 690 2133 quasi
731 2049 1048 2114 columbas
1090 2048 1408 2132 propheta
1453 2050 1729 2113 miratur
1770 2073 1919 2113 suas
1960 2050 2173 2113 volare
2215 2051 2304 2113 ad
2332 2050 2672 2135 fenestras.

407 2133 526 2217 Ille
572 2134 741 2202 enim
789 2134 872 2198 ob
913 2134 1279 2217 vigiliarum
1326 2141 1392 2199 et
1443 2135 1670 2199 ieiunii
1722 2135 2201 2212 assiduitatem,
2256 2136 2406 2200 dum
2462 2135 2673 2199 adhuc

403 2218 666 2299 valer-et,
703 2221 895 2303 quasi
925 2226 1216 2289 mortuus
1243 2220 1480 2302 ignotis
1506 2220 1865 2286 videbatur.
1921 2220 2015 2284 Ad
2046 2221 2251 2285 altare
2279 2220 2671 2287 dominicum

404 2325 756 2387 numquam
790 2307 932 2371 sine
966 2304 1410 2385 oblacionibus
1446 2307 1747 2383 accessit3
1798 2305 2099 2369 assiduus
2135 2306 2361 2387 populi
2398 2308 2673 2371 monitor

403 2396 470 2455 et
521 2390 750 2456 hilaris
803 2390 1099 2455 omnibus
1153 2392 1376 2455 arrisit
1427 2390 1640 2456 dator.
1740 2392 1801 2455 Is
1848 2412 2000 2473 erga
2046 2391 2249 2457 Deum
2298 2391 2671 2475 promeruit,

402 2475 576 2560 quod
627 2476 799 2542 inter
850 2477 1188 2544 continuas
1241 2477 1491 2558 piratae
1545 2476 1822 2541 furentis
1876 2476 2273 2544 incursiones
2327 2475 2498 2541 sedis
2552 2496 2671 2541 sua

402 2562 718 2630 hactenus
762 2584 1026 2646 perman
1035 2565 1119 2628 sit
1163 2564 1427 2630 intacta.

575 2682 675 2748 29.
741 2682 904 2768 (54.)
990 2682 1249 2762 Interea
1310 2702 1427 2744 rex
1488 2679 1568 2744 de
1635 2679 1871 2747 Alstidi
1934 2679 2295 2759 discedens,
2362 2681 2476 2744 ubi
2538 2682 2856 2762 epi-una.

403 2763 707 2846 phaniam
771 2768 1028 2831 Domini
1081 2767 1426 2832 celebravit
1487 2772 1552 2830 et
1612 2765 1912 2830 Bolizlavi
1964 2767 2227 2830 nuntios
2279 2787 2505 2848 pacem
2553 2789 2669 2850 po-

401 2856 650 2916 scentes
704 2857 770 2916 et
822 2851 1372 2917 confirmationem
1427 2871 1571 2916 cum
1618 2851 1942 2915 Misecone
2005 2851 2289 2916 eiusdem
2344 2852 2475 2916 filio
2526 2851 2669 2918 fieri

398 2935 847 3016 promittentes
893 2937 1156 3019 audivit,
1205 2937 1291 3001 ad
1328 2937 1703 3019 Merseburg
1746 2938 1942 3015 venit3
1999 2942 2065 3001 et
2107 2936 2342 3002 ibidem
2390 2937 2668 3020 predicti

401 3019 714 3085 antistitis
773 3020 1015 3086 obitum
1072 3023 1385 3103 comperit
1446 3022 1545 3086 *et
1597 3023 1768 3086 hunc
1823 3023 2117 3109 queritur
2170 3022 2250 3086 ob
2302 3030 2665 3106 presentem

398 3103 701 3185 fructum,
737 3107 1102 3188 gratulatur
1137 3107 1352 3172 autem
1388 3113 1652 3194 propter
1686 3107 2178 3194 subsequentem
2216 3110 2664 3187 interventum,

397 3189 910 3256 recordationem
965 3192 1105 3255 eius
1159 3213 1498 3280 sumopere
1551 3191 1813 3258 faciens
1918 3193 2073 3258 Post
2123 3193 2284 3259 haec
2336 3195 2573 3263 transit
2624 3217 2663 3258 a

399 3275 582 3340 nobis
649 3282 714 3340 et
764 3275 1284 3358 purificationem
1337 3284 1602 3342 sanctae
1663 3279 1786 3343 Dei
1838 3280 2168 3361 genitricis
2235 3282 2300 3343 in
2358 3279 2663 3362 Magada·
2690 3297 2883 3338 Febr-2.

394 3360 560 3444 burg
622 3361 986 3428 celebravit.
1107 3363 1194 3428 Et
1262 3364 1330 3426 in
1395 3365 1540 3446 ipsa
1609 3363 1713 3428 die
1776 3364 2104 3446 predictus
2168 3365 2349 3430 oddo
2412 3366 2662 3430 clericis
2688 3382 2971 3432 Anu-Quodl-

394 3447 852 3512 comitantibus
905 3469 981 3512 ac
1035 3447 1219 3513 laicis
1273 3447 1545 3532 supplex
1601 3451 1787 3528 venit,
1846 3457 1909 3514 et
1952 3451 2123 3532 regis
2166 3454 2440 3534 gratiam
2496 3453 2665 3516 sicut

392 3531 574 3616 prius
653 3532 739 3596 ad
801 3533 1297 3617 complecionem
1371 3533 1710 3598 eleccionis
1791 3556 1909 3615 per
1978 3535 2139 3599 fidos
2212 3537 2661 3601 intercessores

392 3618 694 3700 postulat.
794 3617 966 3695 Quos
1018 3641 1134 3683 rex
1185 3619 1550 3683 nullatenus
1606 3620 1816 3700 audit,
1872 3619 1986 3684 sed
2041 3621 2373 3704 capellano
2428 3623 2662 3688 suimet

391 3701 714 3766 Unwano⁰
768 3725 914 3767 cum
958 3704 1150 3768 laude
1195 3704 1689 3784 advenientium,
1752 3707 1873 3771 etsi
1918 3727 2044 3770 non
2091 3713 2464 3790 spontanea,
2526 3709 2659 3789 epi-

394 3794 727 3871 scopatum
776 3788 980 3868 dedit,
1028 3789 1362 3854 Oddonem
1407 3810 1523 3874 per
1568 3811 1797 3855 manus
1841 3793 2201 3875 succipiens
2248 3798 2313 3856 et
2348 3794 2661 3874 promissa

393 3872 520 3936 sibi
565 3875 811 3956 pietate
860 3874 1246 3939 demulcens
1337 3875 1516 3939 Tunc
1561 3874 1743 3940 iussu
1787 3878 1959 3959 regis
2003 3884 2068 3942 et
2121 3879 2443 3959 presentia
2497 3878 2658 3942 eius-

389 4042 433 4093 ε.)
461 4044 654 4093 pax-uperi
682 4048 721 4085 1.
828 4043 876 4099 b)
903 4045 1119 4093 eligamus
1150 4047 1201 4094 B,
1229 4057 1335 4084 corr.
1363 4048 1409 4085 T.
1517 4045 1560 4097 c)
1592 4058 1798 4086 unuuano
1826 4060 1933 4089 corr.
1962 4059 2137 4090 unuano
2164 4051 2189 4087 1
2216 4051 2251 4088 et
2277 4050 2339 4088 ita
2366 4049 2499 4092 infra.

392 4180 462 4258 1).
482 4180 626 4236 Obiit
657 4183 748 4236 ille
782 4184 910 4243 Ian.
939 4184 971 4238 4
1007 4183 1307 4236 secundum
1343 4183 1560 4240 Necrol.
1588 4185 1800 4238 Lea-neb.
1838 4193 1890 4240 et
1914 4187 2115 4240 Adam.
2152 4188 2450 4248 Bremens„
2487 4193 2539 4241 et
2572 4187 2655 4242 ita

387 4254 551 4304 enam
581 4249 948 4306 Thietmarum
978 4251 1211 4305 scribere
1237 4253 1468 4306 voluisse
1504 4268 1570 4305 ecc
1606 4255 1950 4320 sequentibus
1986 4262 2233 4322 apparet.
2310 4257 2461 4308 Haec
2488 4257 2651 4309 etiam

388 4316 503 4382 dies
551 4333 696 4372 anno
747 4321 882 4373 1013
932 4320 1204 4374 dcteeint'ca
1248 4319 1373 4384 fuit.
1440 4321 1508 4374 L.
1595 4321 1766 4374 Hunc
1812 4339 2019 4391 quoqu-e
2062 4325 2204 4376 diem
2254 4325 2502 4378 dubitari
2540 4341 2653 4378 non

380 4389 582 4463 potest,
617 4387 763 4506 ἶςιιιή
801 4387 1144 4442 Thietmarus
1189 4390 1248 4444 in
1291 4395 1450 4455 parte
1491 4389 1589 4442 illa
1644 4391 1859 4445 Neci-ol.
1896 4393 2131 4447 Merseb.
2176 4409 2323 4448 mmo
2369 4393 2650 4459 deperdita

384 4467 659 4508 mvenert.
