3100 5050
184 552 407 670 «2⁰93.

438 388 542 441 138
1057 383 1464 439 THIETMARI
1497 384 1763 441 CHRON.
1831 385 1968 441 LIB.
2003 385 2099 439 VI.

435 536 700 601 Francis
752 540 818 601 et
868 535 1465 601 Liuthariensibus⁸
1517 536 1779 601 tandem
1828 537 1989 601 haec
2049 536 2225 600 mala
2273 536 2696 601 rescientibus

435 620 660 685 fractis
723 622 1035 685 intrantes
1095 622 1298 686 muris
1365 622 1434 685 in
1494 627 1747 687 tantum
1810 621 2099 687 concives
2154 622 2474 705 persecuti
2526 628 2695 700 sunt,

435 712 508 770 ut
544 726 579 769 e
615 706 979 771 municione
1015 704 1357 771 domuumb
1393 726 1673 793 suarum·
1693 726 1811 772 nec
1844 727 2011 771 unus
2038 706 2255 789 egredi
2279 712 2696 789 presumeret.

435 790 687 856 Harum
731 792 1034 856 sumitate
1089 790 1184 854 hii
1239 796 1493 856 nostros
1545 791 1774 856 iaculis
1826 798 2203 875 gravantes⁰
2254 791 2537 857 inmissis
2598 791 2695 855 in·

435 875 664 941 cendio
705 876 1072 959 perierunt‘1
1114 876 1315 941 illato.
1414 874 1695 940 Difficile
1748 883 1847 941 est
1898 876 2200 959 cuiquam
2251 875 2336 939 ad
2388 896 2694 942 enarran-

435 960 608 1039 dum,
653 968 900 1045 quanta
941 959 1180 1025 ibidem
1225 968 1472 1043 strages
1515 960 1785 1026 diversis
1829 960 2109 1027 efficitur
2145 960 2365 1025 modis.
2456 961 2695 1026 Milites

433 1046 606 1129 regis
651 1053 790 1110 tum
826 1046 1098 1111 victores
1144 1046 1282 1111 sine
1331 1046 1466 1110 ulla
1508 1044 1859 1111 offensione
1902 1046 2125 1130 spoliis
2169 1046 2695 1129 interemptorum

435 1136 726 1199 utuntur.
813 1131 954 1197 Hoc
996 1130 1381 1195 mise*rabili
1422 1137 1722 1214 asspectu
1764 1152 1881 1195 rex
1925 1139 2136 1196 motus
2181 1137 2263 1209 et,
2308 1136 2384 1196 ut
2415 1131 2695 1197 residuis

435 1222 800 1301 parcerent,
873 1215 1178 1281 firmiter⁶
1256 1216 1619 1298 precipiens
1694 1238 1762 1281 se
1832 1214 1915 1281 ad
1987 1216 2414 1280 municionem
2485 1216 2699 1281 sancti

435 1302 615 1368 Petri
664 1300 936 1367 contulit
1004 1300 1422 1384 hostibusque
1487 1301 1739 1365 veniam
1802 1301 2177 1385 suppliciter
2224 1301 2696 1386 inplorantibus

435 1386 940 1452 misericorditer
967 1385 1274 1451 indulsit.
1362 1386 1540 1451 Tunc
1583 1386 1881 1451 absentes
1926 1387 2192 1470 quiquef
2225 1392 2493 1469 accepta
2525 1387 2695 1469 regis

435 1472 708 1538 victoria
757 1478 876 1536 aut
918 1472 1081 1555 ipsiss
1121 1471 1404 1549 veniunt,
1472 1477 1546 1537 ut
1586 1471 1748 1537 talia
1793 1471 2209 1550 declinarent,
2270 1478 2385 1536 aut
2438 1470 2696 1536 obsides

437 1558 730 1634 mittunt,
793 1555 1009 1629 fidem,
1075 1557 1387 1621 auxilium
1450 1563 1515 1622 et
1576 1556 1963 1623 subiecionis
2023 1556 2311 1622 debitum
2363 1559 2499 1640 regi
2550 1576 2695 1638 pro-

438 1643 828 1708 mittentesh.

609 1730 667 1793 9.
713 1725 832 1812 (7.)
903 1724 1158 1791 Sedatis
1215 1732 1372 1791 tunc
1415 1726 1657 1811 Papiae
1711 1727 2193 1793 calamitatibus
2244 1748 2357 1792 rex
2400 1724 2486 1791 ad
2531 1727 2695 1791 Pon-

435 1818 566 1876 tem
609 1812 903 1893 longum¹
955 1812 1129 1876 venit
1171 1810 1897 1895 Longobardorumquei
1941 1811 2271 1877 residuum
2322 1832 2549 1894 agmen
2584 1832 2697 1895 per

437 1916 668 1960 manus
726 1897 1022 1979 suscipit3
1094 1896 1444 1981 habitoque
1509 1898 1749 1963 ibidem
1807 1918 1952 1962 cum
2009 1895 2305 1962 omnibus
2357 1896 2697 1977 conloquio

355 2032 359 2035 .
435 1980 759 2063 rebusque
808 1982 1106 2047 maximis
1149 1983 1502 2064 prudenter
1533 1983 1853 2047 ordinatis
1896 1981 2333 2047 Mediolanum
2368 1982 2698 2046 sanctissi-

247 2422 351 2464 Iun.
367 2426 409 2465 4.

225 3020 327 3060 Iun.
345 3021 412 3062 24.

227 3105 328 3146 Iun.
345 3109 412 3148 28.

436 2066 527 2130 mi
577 2066 854 2149 presulis
900 2067 1222 2131 Ambrosii
1274 2088 1493 2133 amore
1546 2069 1769 2149 peciit3
1824 2088 2101 2150 moxque
2152 2066 2237 2130 ad
2279 2066 2511 2148 pratak
2554 2085 2698 2147 pre-

437 2150 597 2217 dicti
657 2151 912 2217 Pontis1
978 2172 1272 2217 reversus
1333 2159 1689 2235 presentem
1749 2153 2057 2236 populum
2128 2150 2209 2217 de
2275 2151 2492 2216 subito
2560 2151 2699 2215 eius

436 2242 930 2317 conquerentem
1000 2236 1287 2302 discessu
1365 2239 1688 2321 promissa
1769 2237 1965 2302 celeri
2046 2237 2279 2301 suimet
2338 2236 2699 2302 reversione

439 2322 797 2405 ceterisque
834 2321 1378 2387 consolationibus
1415 2322 1637 2388 multis
1674 2322 1973 2405 placavit.
2056 2322 2464 2387 Insistentem
2503 2318 2695 2407 [vero]

437 2414 592 2472 tunc
643 2413 1044 2491 pentecostes
1098 2407 1592 2474 sollemnitatem
1646 2408 1716 2471 in
1759 2406 1918 2484 loco,
1974 2408 2086 2489 qui
2120 2406 2424 2471 Grommo
2442 2406 2470 2450 ²
2512 2424 2700 2469 voca-

438 2501 572 2571 tur,
630 2491 930 2559 celebrat.
1029 2492 1187 2558 Inde
1245 2500 1381 2559 tum
1434 2492 1790 2576 procedens
1844 2492 2142 2558 Tuscosm
2194 2490 2323 2556 sibi
2367 2490 2700 2556 obviantes

439 2579 507 2642 in
570 2579 974 2643 consorcium
1035 2579 1161 2643 sibi
1220 2578 1493 2643 firmiter
1554 2578 1968 2644 servientium
2038 2579 2335 2660 suscepit.
2452 2576 2699 2641 Dehinc

482 2663 719 2728 atriam
763 2665 1038 2728 revisere
1083 2662 1399 2730 festinans
1442 2663 1863 2728 Alemanniae
1906 2662 2085 2742 fines,
2142 2682 2347 2745 nuper
2390 2682 2432 2725 a
2475 2661 2701 2725 ducis1²

503 2748 819 2813 erimanni
864 2749 1098 2814 solatio
1154 2749 1436 2833 privatos
1455 2747 1486 2794 3
1529 2747 1792 2832 filioque
1837 2747 1977 2812 eius
2030 2754 2095 2811 et
2138 2747 2444 2828 equivoco
2486 2744 2702 2810 adhuc

437 2833 710 2916 puerulo
756 2833 1052 2914 de‘ditos,
1099 2834 1184 2899 ad
1227 2834 1580 2917 regendum
1626 2839 1693 2898 et
1733 2830 2241 2897 confirmandum
2286 2829 2550 2895 invadit.

612 2918 782 2984 Indev
812 2921 880 2984 in
915 2920 1174 2984 Alsacia
1215 2920 1489 3002 positam
1524 2923 1751 3004 petens
1787 2917 2225 2998 Argentinam,
2271 2913 2701 3002 venerabilem

441 3003 688 3068 Christi
731 3005 1124 3088 precursoris
1169 3003 1260 3068 ibi
1313 3003 1550 3068 excolit
1603 3003 2026 3066 nativitatem.
2128 3001 2202 3065 In
2256 3002 2440 3066 cuius
2482 3000 2703 3083 vigilia

443 3109 609 3171 quae
655 3088 967 3153 Dominus
1010 3111 1127 3172 per
1172 3109 1317 3152 eum
1361 3088 1517 3152 fecit
1561 3087 1914 3166 mirabilia,
1968 3106 2095 3151 non
2144 3092 2296 3151 sunt
2348 3086 2507 3150 mihi
2556 3103 2701 3169 pre-

439 3172 780 3251 tereunda,
837 3175 992 3256 quia
1033 3174 1194 3237 haec
1235 3173 1361 3256 piis
1415 3173 1498 3236 ad
1556 3173 2084 3252 delectacionem,
2139 3170 2432 3254 reprobis
2484 3176 2698 3235 autem

441 3257 750 3323 dicuntur
793 3258 877 3321 ad
921 3261 1250 3323 terrorem.
1350 3257 1619 3336 DomuS,
1678 3259 1747 3322 in
1793 3278 1923 3341 qua
1964 3279 2078 3321 rex
2121 3257 2357 3340 populo
2402 3256 2562 3338 legis
2607 3255 2701 3319 iu-

442 3343 693 3408 sticiam
723 3341 979 3420 dabat0,
1030 3341 1243 3406 subito
1272 3342 1524 3421 cecidit,
1572 3343 1685 3407 uni
1713 3343 2053 3406 dumtaxat
2085 3341 2439 3424 presbitero
2466 3359 2703 3404 nocens

441 3448 588 3492 cum
667 3427 906 3492 domna
991 3427 1525 3491 excommunicati
1602 3429 1885 3492 iniusteP
1961 3426 2185 3491 sedulo
2260 3422 2701 3491 commoranti.

441 3512 560 3577 Ille
605 3532 720 3594 pre
764 3512 1036 3578 caeteris
1081 3514 1149 3576 in
1192 3513 1313 3577 hoc
1359 3513 1627 3577 crimine
1672 3510 2013 3594 culpabilis
2067 3516 2270 3575 morte
2316 3529 2461 3588 sua,
2520 3509 2703 3591 prius

443 3597 791 3664 confractis
837 3596 1160 3675 cruribuS,
1214 3598 1336 3662 luit
1379 3618 1654 3679 poenam
1700 3597 2022 3661 commissi
2067 3595 2393 3661 facinoris
2495 3594 2703 3671 Quam

441 3750 485 3802 a)
511 3752 693 3802 primun
719 3753 735 3790 i
763 3761 928 3792 erasum
953 3753 995 3791 1.
1119 3750 1168 3803 b)
1193 3751 1386 3791 domium
1413 3751 1466 3802 A,
1493 3762 1603 3791 corr.
1625 3753 1676 3791 Τ.
1798 3747 1841 3798 c)
1872 3751 2107 3796 gravantes
2134 3746 2183 3797 A,
2211 3757 2317 3787 corr.
2334 3747 2384 3786 Τ.
2504 3743 2549 3795 d)
2577 3746 2706 3784 erunt

441 3804 490 3843 in
530 3813 688 3842 rasura
714 3805 753 3842 1.
885 3803 928 3853 e)
971 3801 1164 3842 firmator
1188 3805 1239 3852 A,
1265 3813 1373 3842 corr.
1394 3802 1444 3842 Τ.
1574 3802 1613 3852 f)
1650 3801 1813 3852 quique
1839 3799 1891 3849 A,
1917 3799 2040 3848 quiq1
2066 3809 2173 3837 corr.
2201 3798 2341 3836 raucio
2366 3797 2463 3846 quic
2481 3797 2703 3845 posterior.

440 3853 487 3904 g)
512 3855 612 3904 ipsa
628 3856 680 3906 A,
696 3865 806 3894 corr.
830 3855 882 3893 Τ.
977 3853 1028 3901 h)
1055 3854 1314 3903 promittens
1333 3856 1374 3893 1.
1465 3851 1502 3904 i)
1525 3854 1898 3902 longobar-umque
1916 3853 1956 3890 1.
2052 3848 2103 3899 k)
2127 3853 2295 3910 protam
2313 3847 2365 3887 Δ.
2455 3847 2492 3896 1)
2518 3847 2637 3896 pont‘
2662 3848 2703 3886 1.

442 3905 507 3955 m)
532 3906 820 3946 induntnscos
848 3907 887 3954 1,
922 3906 998 3954 qua·
1033 3915 1149 3944 error
1182 3906 1321 3944 nescio
1353 3916 1412 3944 απ
1446 3908 1565 3944 ortus
1599 3906 1653 3944 uit
1690 3907 1738 3943 in
1774 3901 1975 3942 dictando
2009 3911 2061 3940 ez
2102 3900 2384 3950 duplicatione
2416 3897 2707 3938 vocabulorum

440 3957 545 4061 113610
561 3960 684 4047 ¹tum3
712 3958 766 4047 ¹2
786 3957 1041 3996 Dnntnscos
1069 3957 1110 4007 2,
1136 3958 1184 3995 in
1211 3956 1452 3995 dluttusoos
1477 3955 1529 3996 A.
1547 3956 1596 3995 S.
1695 3955 1743 4004 n)
1769 3965 1811 3996 n.
1838 3953 2020 3992 adducis
2044 3951 2099 3992 Δ.
2195 3950 2239 4002 o)
2263 3951 2325 3990 ita
2351 3951 2399 3990 in
2424 3951 2511 3990 looo
2535 3959 2635 3990 mo
2654 3949 2703 3989 Τ.

440 4019 470 4058 p
530 4020 558 4048 n
577 4012 702 4047 ustae
771 4036 780 4045 .

443 4112 496 4178 1)
534 4111 874 4178 Ponteltmyo
899 4125 1010 4164 non
1035 4111 1189 4178 lonye
1226 4127 1262 4163 a
1288 4110 1473 4163 Pavia
1499 4115 1777 4164 remotum.
1915 4106 1971 4172 2)
2009 4107 2179 4159 Hunc
2202 4105 2397 4172 locum,
2431 4103 2531 4172 qui
2555 4101 2711 4170 apud

443 4180 814 4234 Adalboldum
856 4179 886 4241 (
894 4179 1017 4234 Vita
1046 4179 1242 4232 Heinr.
1256 4219 1271 4244 ,
1308 4177 1407 4232 SS.
1433 4177 1550 4240 IV)
1596 4176 1821 4231 Chi-omo
1854 4179 2107 4236 vocatur,
2158 4171 2365 4226 Grumo
2394 4186 2570 4240 prope
2604 4169 2708 4224 Ga·

443 4248 696 4316 dempino
731 4249 790 4301 in
825 4249 916 4301 via
949 4248 1148 4300 „tontis
1175 4245 1394 4300 Generis
1428 4261 1545 4300 esse
1582 4245 1649 4299 G.
1678 4246 1745 4298 de
1782 4243 1945 4311 Wyss
1977 4240 2203 4303 (Ἀηεεί
2236 4256 2296 4295 er
2319 4239 2424 4309 fiir
2449 4238 2710 4317 Schwep'z.

443 4315 656 4371 Gesch?
707 4317 842 4371 1887
885 4331 940 4382 p.
975 4315 1073 4378 41)
1111 4315 1379 4382 probavit.
1526 4313 1581 4378 3)
1628 4313 2007 4367 Herimannus
2041 4310 2128 4363 II.
2210 4325 2291 4362 ux
2336 4307 2471 4364 1003
2514 4309 2643 4362 Mat
2676 4308 2711 4359 4

445 4389 693 4440 mortuus
728 4391 864 4450 erat,
891 4385 986 4439 cui
1011 4383 1392 4438 Herimannus
1419 4383 1541 4436 III.
1578 4386 1926 4436 successerat.

2722 1149 2745 1174 *
2763 1150 2847 1199 sol.
2870 1152 2962 1193 101.

2726 2845 2749 2869 '⁶‘
2772 2845 2857 2896 sol.
2878 2846 2983 2887 101‘.
