3100 5050
534 385 568 437 2
1160 380 1566 436 THIETMARI
1600 379 1862 436 CHRON.
1932 381 2071 438 LIB.
2107 382 2152 438 Ι.

787 534 875 598 Et
918 534 1303 618 quicumque
1327 543 1554 614 meam
1601 534 1798 600 debes
1842 556 2069 601 curare
2114 536 2511 618 cathedram,

530 633 601 687 30
703 620 887 686 Hanc
929 619 1070 704 lege
1115 622 1518 706 scripturam,
1566 620 1891 688 studiosus
1937 627 2153 688 amato
2197 624 2519 707 pusillam,

702 705 880 783 Quae
924 706 1198 771 strictim
1241 706 1488 790 pandit,
1535 726 1703 790 quae
1746 707 2028 790 plurima
2069 729 2246 774 mens
2290 715 2407 775 tua
2448 710 2674 794 poscit.

703 792 923 857 Vincit
964 791 1268 858 mortales
1312 790 1544 857 florens
1592 791 1877 858 dictatus
1921 800 1987 859 et
2028 815 2267 863 omnes,

704 877 890 956 Quod
933 899 1104 944 nunc
1149 883 1249 944 est
1288 878 1531 962 passim
1579 877 1958 964 dispersum,
2005 881 2235 960 collige
2279 882 2534 948 sensim.

701 963 844 1030 Non
888 967 1053 1030 servi
1097 964 1329 1044 famae,
1377 963 1487 1029 sed
1533 964 1703 1029 vitae
1750 965 1922 1032 dona
1967 988 2283 1051 supernae

529 1061 598 1115 36
701 1049 790 1115 Ut
836 1051 1074 1134 capias,
1119 1050 1330 1134 vigila,
1377 1052 1690 1116 merearis
1735 1057 1808 1116 ut
1850 1052 2163 1136 hancque,
2210 1054 2450 1119 labora.

700 1135 799 1200 Sis
843 1157 1107 1216 memor,
1156 1156 1290 1216 oro,
1337 1136 1478 1216 mei,
1526 1138 1640 1220 qui
1685 1137 1958 1203 crimina
2002 1140 2206 1204 multa
2247 1141 2485 1225 peregi,

697 1221 1237 1288 Predecessorum
1284 1222 1671 1288 deterrimus
1714 1243 1862 1289 ecce
1907 1244 2218 1290 meorum.

699 1306 800 1373 Me
845 1308 966 1373 tibi
1011 1308 1360 1386 committo,
1405 1311 1659 1374 veniam
1702 1310 1902 1392 petito
1946 1309 2123 1386 mihi,
2170 1331 2387 1394 ques0.

785 1393 1060 1459 Cronica
1102 1393 1457 1459 Thietmari
1503 1415 1573 1460 se
1615 1402 1908 1478 poscunt,
1952 1396 2173 1475 lector,
2220 1398 2449 1478 amari,

523 1490 594 1544 40
699 1479 939 1545 Usibus
985 1478 1263 1546 assiduis
1308 1480 1659 1546 excludunt
1702 1481 1920 1546 tristia
1960 1482 2214 1547 mentis.

693 1564 895 1630 Ludis
943 1572 1008 1631 et
1048 1567 1246 1632 variis
1291 1565 1517 1632 eadem
1563 1566 1901 1650 preponito
1944 1568 2157 1633 vanis:

695 1651 797 1716 Sis
843 1652 1048 1720 iustos
1091 1651 1384 1733 laudans,
1430 1674 1547 1738 pro
1591 1652 2039 1736 peccatoribus
2085 1673 2299 1720 orans.

1381 1823 1741 1890 LIBER
1810 1825 1914 1891 L*

696 1948 754 2014 1.
801 1943 918 2030 (1.)
1001 1945 1184 2010 Mens
1221 1950 1320 2010 est
1356 1945 1647 2010 omnibus
1684 1945 1904 2029 aliqua
1948 1943 2359 2028 proficuitate
2409 1945 2768 2011 cluentibus

523 2032 589 2096 in
614 2031 900 2117 presenti
925 2037 991 2095 et
1016 2031 1081 2095 in
1111 2030 1331 2097 futuro
1360 2030 1483 2095 sibi
1509 2029 1843 2114 proficere,
1868 2032 2368 2116 commissasque
2396 2031 2521 2096 sibi
2545 2053 2671 2111 res,
2697 2039 2771 2097 ut

521 2118 691 2203 potis
729 2125 829 2183 est
862 2117 959 2181 vel
997 2117 1223 2181 sollers
1249 2115 1488 2182 fiducia
1515 2117 1692 2198 sinit,
1729 2137 2084 2202 propagare
2119 2118 2481 2201 viventique
2518 2139 2769 2202 semper

521 2205 868 2270 memoriae
898 2201 1362 2270 commendare.
1437 2203 1755 2282 Quocirca
1790 2224 1907 2286 ego
1936 2204 2365 2284 Thietmarus,
2404 2225 2530 2268 non
2566 2205 2768 2269 solum

521 2291 799 2371 honoris,
836 2309 1055 2355 verum
1091 2290 1289 2355 etiam
1325 2289 1605 2354 nominis
1639 2288 1939 2373 indignus
1972 2291 2372 2374 episcopalis,
2411 2290 2771 2356 Mersebur-

523 2378 734 2460 gensis
761 2376 994 2442 seriem
1019 2376 1296 2440 civitatis
1321 2373 1475 2440 olim
1498 2375 1687 2459 longe
1711 2376 1971 2460 lateque
1996 2376 2330 2454 cluentem,
2355 2397 2529 2440 nunc
2550 2382 2770 2442 autem

520 2460 856 2528 oblivionis
894 2461 1072 2529 senio
1111 2461 1499 2546 caligantem
1537 2461 1789 2529 fervens
1822 2467 2129 2547 retegere,
2167 2461 2512 2529 admodum
2548 2483 2771 2529 vereor

215 2550 494 2642 333³?ssss
516 2549 773 2634 fumum
807 2572 886 2614 eae
913 2549 1030 2635 ful
1073 2570 1176 2613 ore
1209 2549 1478 2614 inscicia
1510 2549 1864 2633 producere
1900 2558 1962 2614 et
1997 2555 2072 2614 ut
2099 2551 2264 2615 imus
2298 2547 2485 2614 faber
2512 2549 2771 2635 infelici

291 2627 335 2692 22
354 2628 424 2692 '³⁴-
520 2658 759 2700 summa
785 2638 992 2721 operis
1062 2632 1309 2701 eficere.
1356 2634 1482 2700 Sed
1505 2641 1881 2721 suppetente
1905 2637 2203 2720 cuiquam
2228 2636 2400 2701 bona
2422 2636 2767 2715 voluntate,

522 2727 586 2785 et
630 2730 704 2785 ut
756 2721 990 2787 beatus
1041 2720 1286 2787 fatetur
1330 2721 1704 2805 Gregorius,
1766 2721 2022 2787 Christo
2074 2722 2159 2788 ad
2212 2722 2335 2787 hoc
2380 2723 2765 2807 asspirante,

521 2806 780 2892 incipio,
819 2828 896 2872 ac
932 2808 1194 2892 ignotae
1233 2806 1520 2873 eiusdem
1554 2808 1960 2888 clemenciae,
1998 2808 2277 2893 qualiter
2310 2809 2408 2874 vel
2445 2810 2766 2892 scriptura

518 2893 675 2959 haec
731 2894 830 2959 vel
888 2896 1085 2960 etiam
1146 2895 1351 2959 omnis
1407 2894 1705 2978 prefatae
1762 2893 1943 2959 urbis
2014 2913 2266 2960 summa
2324 2894 2761 2975 concludatur,

518 2980 786 3065 supplex
830 2981 1180 3047 committO.

689 3067 748 3133 2.
785 3064 902 3152 (2.)
973 3067 1180 3132 Huius
1215 3087 1256 3130 a
1291 3065 1498 3148 primo
1533 3064 2018 3130 fundamentum
2056 3069 2125 3129 et
2160 3086 2305 3129 cum
2337 3070 2516 3131 terra
2542 3086 2765 3148 super-

518 3150 991 3217 edificationem
1017 3152 1330 3217 Romulea
1355 3172 1433 3216 ex
1459 3157 1666 3233 gente,
1694 3172 1859 3235 quae
1888 3150 2123 3215 Iulium
2151 3149 2452 3217 Cesarem
2479 3153 2764 3237 Pompeii

517 3259 822 3321 generum
844 3239 868 3283 1
914 3244 1013 3303 est
1047 3238 1171 3301 huc
1207 3236 1361 3302 olim
1397 3242 1625 3302 secuta
1658 3238 1723 3300 in
1765 3237 2060 3302 omnibus
2094 3244 2426 3321 potentem
2464 3244 2532 3303 et
2569 3240 2765 3305 utris-

519 3346 642 3409 que
661 3324 690 3369 2
733 3323 980 3391 viribus
1021 3323 1370 3407 precluum,
1416 3323 1750 3408 incepisse,
1798 3324 2001 3389 lector
2036 3323 2311 3405 diligens
2349 3326 2589 3409 accipe.
2676 3326 2763 3390 Et

518 3412 670 3494 quia
713 3417 868 3476 tunc
911 3410 1038 3476 fuit
1081 3410 1241 3474 haec
1285 3416 1440 3493 apta
1484 3408 1674 3474 bellis
1720 3415 1786 3475 et
1820 3410 1885 3475 in
1924 3408 2221 3475 omnibus
2262 3430 2504 3493 semper
2536 3410 2763 3475 trium-

515 3496 757 3579 phalis,
817 3497 1083 3580 antiquo
1134 3515 1314 3561 more
1360 3495 1590 3561 Martis
1642 3495 1899 3580 signata
1952 3501 2052 3561 est
2096 3494 2407 3562 *nomina
2510 3495 2799 3561 Posteri*

516 3588 732 3648 autem
779 3583 973 3662 Mese,
1018 3582 1086 3646 id
1130 3587 1230 3648 est
1273 3582 1550 3648 mediam
1594 3582 1894 3665 regionis,
1948 3582 2408 3668 nuncupabant
2451 3602 2612 3660 eam,
2657 3581 2758 3646 vel

517 3691 556 3733 a
601 3668 884 3752 quadam
933 3669 1180 3753 virgine
1232 3670 1323 3734 sic
1377 3668 1551 3736 dicta
1564 3667 1613 3734 3.
1716 3669 1841 3748 Qui
1884 3688 2033 3737 vero
2089 3669 2373 3735 eiusdem
2417 3668 2760 3753 principeS,

517 3754 616 3820 vel
644 3776 813 3840 quae
841 3755 1189 3821 eorundem
1215 3755 1459 3822 fuerint
1487 3756 1775 3834 virtutes,
1805 3759 1953 3821 ante
1982 3754 2227 3822 Christi
2255 3752 2761 3846 incarnationem

515 3841 615 3906 vel
654 3848 818 3925 post,
859 3841 1013 3925 quia
1043 3844 1452 3926 antiquorum
1493 3841 1747 3925 sagaci⁸
1781 3842 2092 3908 memoria
2126 3846 2378 3908 certum
2411 3839 2762 3925 indagareb

629 3963 684 4030 *)
722 3962 958 4032 Explicit
973 3964 1240 4032 prologus,
1260 3963 1453 4030 incipit
1471 3962 1611 4017 liber
1628 3962 1831 4031 primus
1850 3961 1919 4016 de
1937 3962 2159 4017 Hinrico
2177 3964 2352 4030 primo
2369 3963 2692 4033 imperatore
2712 3964 2761 4016 2.

515 4063 562 4116 ι)
583 4068 724 4115 sagati
750 4067 802 4118 Δ,
829 4066 942 4116 quod
967 4066 1157 4106 radendo
1181 4068 1338 4115 aliquit
1365 4067 1554 4109 cmv-emit.
1656 4063 1703 4117 b)
1728 4065 1877 4105 indu-0
1902 4065 1954 4117 Δ,
1981 4076 2089 4106 corr.
2128 4065 2171 4105 V.

517 4154 569 4218 1)
609 4152 832 4209 Constat
866 4152 1150 4208 Gaesarem
1174 4151 1358 4220 fuisse
1391 4168 1635 4207 socerum
1662 4153 1801 4207 Pom
1841 4168 1925 4206 eii.
2045 4151 2099 4216 2)
2134 4152 2174 4205 I
2173 4190 2185 4203 .
2214 4167 2257 4205 e.
2288 4152 2528 4221 corporis
2562 4150 2756 4204 animi-

514 4238 645 4288 que5
683 4222 754 4287 cf.
774 4224 827 4290 I,
854 4224 936 4277 26.
984 4222 1047 4288 V,
1069 4223 1153 4276 42.
1209 4222 1305 4284 VI,
1323 4224 1404 4277 50.
1464 4222 1599 4288 VII,
1620 4222 1701 4276 15.
1753 4168 1917 4286 ἦΙΙ,
1942 4222 2027 4277 46.
2046 4220 2133 4274 73.
2173 4221 2287 4285 IX,
2302 4220 2361 4298 ,6.
2424 4218 2510 4299 .3)
2539 4221 2754 4273 Nomen

515 4297 594 4344 est
635 4291 839 4359 miyine
882 4289 1205 4345 Slawicum:
1259 4289 1507 4354 Mesibor,
1557 4298 1609 4345 et
1641 4290 1915 4358 siqnificat
1947 4288 2133 4341 urbem
2168 4288 2376 4342 medias
2409 4294 2552 4341 mter
2586 4287 2759 4341 silvas

514 4359 674 4414 sitam
709 4360 909 4426 (polan.
935 4357 1160 4427 miedzy,
1211 4360 1410 4414 bohem.
1436 4375 1604 4427 mezy,
1653 4360 1829 4413 sorab.
1862 4372 1976 4410 mes
2009 4375 2079 4399 =
2112 4356 2285 4421 intem·
2340 4355 2437 4409 bor
2468 4375 2540 4399 =
2573 4356 2755 4419 silva).

516 4427 597 4497 ΟΥ.
633 4426 946 4495 Schafarik,
984 4426 1168 4482 ‘Scau
1190 4429 1570 4494 Alton-thamar,
1603 4428 1779 4482 vibere.
1815 4442 1919 4480 von
1954 4422 2325 4491 Aehrenfeld’,
2361 4426 2448 4491 II,
2482 4427 2602 4480 620.
