3100 5050
1009 422 1416 479 THIE'I'MARI
1451 421 1712 477 CHRON.
1784 422 1922 476 LIB.
1958 420 2093 477 1111.
2606 424 2674 477 93

591 578 694 643 52.
741 577 901 662 (32.)
973 576 1240 641 Interim
1286 578 1607 660 principes
1663 575 1978 641 Saxoniae
2034 581 2361 659 comperta
2404 578 2677 641 senioris
2714 594 2908 661 (1002).

424 665 526 728 sui
577 685 729 728 nece
781 665 1108 728 inmatura
1171 664 1254 728 ad
1311 664 1573 727 Frasam
1640 669 1885 727 curtem
1941 664 2212 744 regiam,
2276 683 2470 745 quam
2522 670 2680 729 tunc

424 749 816 814 Guncelinus
861 749 1112 814 comes1
1159 771 1237 813 ex
1280 755 1464 833 parte
1510 749 1898 831 inperatoris
1943 750 2009 812 in
2044 747 2418 813 benefitium
2454 750 2677 829 tenuit,

422 838 641 901 tristes
686 837 1088 913 conveniunt,
1135 835 1446 901 Gisilerus
1483 834 2005 920 archiepiscopus
2040 834 2678 917 Magadaburgiensis

422 943 564 987 cum
612 923 1022 1005 coepiscopis,
1073 921 1489 986 Bernhardus
1533 920 1682 1001 dux,
1738 920 2113 985 Lintharius
2157 928 2223 985 et
2264 920 2679 987 Ekkihardus

420 1030 497 1073 ac
564 1008 733 1074 Gero
788 1007 1189 1073 marchiones
1251 1028 1415 1071 cum
1461 1006 1883 1090 optimatibus
1939 1008 2144 1091 regni,
2218 1006 2295 1071 de
2349 1014 2528 1071 statu
2586 1008 2678 1073 rei

421 1093 676 1178 publice
730 1100 1142 1158 traotantes⁸.
1241 1093 1474 1158 Comes
1537 1100 1755 1157 autem
1802 1092 2177 1157 Liutharius
2230 1100 2304 1157 ut
2352 1095 2677 1177 perprimo

419 1180 754 1264 persensit,
808 1179 1248 1245 Ekkihardum
1303 1200 1371 1243 se
1417 1178 1577 1243 velle
1631 1178 1919 1243 exaltare
1973 1200 2165 1263 super
2216 1200 2302 1257 se,
2360 1180 2678 1265 archiepi-

421 1287 683 1350 scopum
719 1266 1076 1349 predictum
1117 1273 1180 1330 et
1213 1266 1538 1329 meliorem
1576 1286 1913 1349 procerum
1955 1271 2207 1346 partem
2251 1265 2317 1329 in
2362 1272 2679 1331 secretum

420 1352 596 1417 foras
639 1352 891 1417 vocavit
950 1352 1366 1435 colloquium,
1429 1351 1548 1415 hoc
1614 1349 1906 1416 omnibus
1966 1350 2129 1415 dans
2184 1352 2543 1429 consilium,
2606 1359 2680 1418 ut

420 1440 785 1503 iuramento
855 1436 1211 1515 firmarent,
1284 1458 1354 1503 se
1414 1438 1660 1501 nullum
1724 1438 1848 1502 sibi
1912 1436 2239 1502 dominum
2304 1438 2400 1501 vel
2464 1459 2679 1521 regem

421 1526 842 1589 communiter
900 1524 997 1588 vel
1052 1524 1482 1607 singulariter
1543 1524 1862 1588 electuros
1904 1530 2072 1593 ,ante
2134 1524 2547 1588 constitutum
2610 1528 2677 1589 in

424 1610 637 1676 Werlo
698 1610 1101 1694 colloquium.
1216 1609 1401 1688 Quod
1465 1609 1548 1673 ab
1610 1609 1905 1674 omnibus
1974 1608 2338 1687 laudatum,
2412 1618 2677 1694 excepto

421 1695 820 1774 Ekkihardo,
879 1703 945 1761 et
999 1696 1438 1761 collaudatum
1498 1702 1616 1760 est.
1718 1695 1840 1759 Hic
1895 1716 1963 1760 se
2020 1695 2353 1778 paululum
2406 1718 2449 1760 a
2500 1698 2675 1779 regni

420 1782 678 1865 fastigio
724 1782 994 1848 dilatum
1049 1784 1328 1865 graviter
1380 1781 1595 1845 ferens
1650 1783 1889 1865 erupit:
1954 1781 2027 1846 ‘O
2074 1782 2365 1846 Liuthari
2420 1784 2677 1857 comes,’

420 1869 850 1953 [inquiens]¹’,
923 1868 1134 1951 ‘quide
1205 1867 1567 1932 adversaris
1582 1868 1632 1931 P’
1751 1868 1837 1932 Et
1904 1868 2043 1932 ille:
2118 1866 2357 1945 ‘Num’,
2430 1869 2675 1953 inquid,

420 1955 694 2019 ‘currui‘1
737 1962 850 2018 tuo
887 1961 1186 2037 quartam
1225 1953 1446 2018 deesse
1479 1974 1609 2018 non
1646 1955 1844 2018 sentis
1879 1953 2159 2018 rotam‘?’
2178 1952 2207 1997 2
2293 1951 2442 2105 [Sici]
2480 1956 2675 2020 inter-

418 2048 612 2124 rupta
655 2046 752 2104 est
787 2040 1022 2123 eleccio
1069 2047 1134 2104 et
1168 2038 1242 2103 fit
1275 2060 1425 2103 vera
1473 2040 1926 2122 antiquorum⁶
1960 2040 2215 2115 relaci0,
2262 2062 2391 2123 quo
2485 2043 2677 2107 unius

417 2129 623 2192 noctis
676 2126 1065 2191 intermissio
1123 2124 1239 2191 fiat
1290 2126 1481 2190 unius
1535 2128 1688 2189 anni
1744 2125 1979 2191 dilacio
2048 2123 2137 2212 [et
2189 2126 2302 2189 illa
2356 2148 2555 2210 usque
2610 2129 2675 2193 in

183 2230 204 2249 ²·
227 2232 388 2281 paese.
417 2212 611 2277 finem
665 2213 836 2277 vitae
889 2212 1080 2276 huius
1143 2211 1605 2294 pro*longacio.
1722 2212 2029 2296 Tempore
2098 2212 2371 2296 predicti
2438 2215 2677 2278 cesaris

419 2299 880 2363 monasterium
969 2298 1037 2361 in
1112 2296 1552 2362 Hilleslevof·3
1630 2319 1671 2361 a
1752 2297 1995 2363 Sclavis
2075 2298 2479 2363 combustum
2558 2306 2675 2377 est,

421 2384 669 2449 eductis
717 2383 1334 2461 sanctimonialibus3
1383 2391 1449 2449 et
1491 2383 1713 2449 eodem
1759 2384 1861 2449 die
1907 2385 2095 2449 multi
2140 2404 2219 2448 ex
2255 2386 2489 2450 nostris
2527 2392 2678 2451 sunt

419 2468 764 2558 interfecti]
783 2481 830 2536 Β.

180 2576 388 2626 *sol-69·
587 2559 689 2626 53.
738 2557 898 2642 (33.)
967 2556 1319 2640 *Equidem
1364 2555 1447 2620 ab
1488 2557 1742 2641 incepto
1788 2556 2060 2621 multum
2110 2556 2385 2622 devians
2414 2557 2675 2623 tandem

415 2651 722 2721 revertar,
768 2643 1074 2726 exequias
1110 2642 1495 2727 inperatoris
1531 2643 1895 2707 succincteh
1927 2642 2383 2727 perstringens,
2474 2645 2674 2710 Cuius

419 2752 650 2814 corpus
703 2751 848 2795 cum
903 2729 984 2795 ad
1041 2729 1374 2794 Coloniam
1427 2729 1697 2808 veniret,
1752 2729 1960 2810 primo
2014 2735 2382 2810 susceptum
2438 2737 2537 2795 est
2588 2731 2673 2796 ab

417 2817 897 2901 archiepiscopo
942 2815 1228 2880 eiusdem
1279 2816 1562 2880 civitatis
1605 2814 1965 2880 Heriberto.
2066 2814 2167 2879 Ad
2218 2817 2675 2881 monasterium

418 2903 624 2968 sancti
645 2903 930 2968 Severini
956 2909 1105 2986 post
1129 2901 1379 2985 palmas
1399 2900 1482 2965 II.
1504 2901 1687 2979 feria,
1724 2900 1809 2965 ad
1830 2907 2121 2965 sanctum
2144 2898 2675 2992 [pantaleonem]i
2702 2923 2831 2964 um.
2850 2925 2902 2964 30

417 2988 547 3052 111⁸
591 2988 881 3053 defertur
914 2988 1095 3067 feria,
1154 2986 1238 3052 ad
1275 2999 1567 3052 sanctum
1610 2985 1963 3052 Gereonem
2000 2985 2149 3053 1111.
2189 2987 2311 3055 die.
2404 2989 2473 3052 In
2516 3009 2675 3056 cena
2701 3008 2837 3059 -Apn
2859 3013 2897 3050 1.

418 3073 678 3139 Domini
723 3074 805 3139 ad
851 3079 1143 3139 sanctum
1190 3074 1448 3138 Petrum
1493 3081 1807 3158 portatur,
1858 3073 1972 3138 ubi
2015 3073 2455 3155 penitentibus
2500 3097 2675 3142 more
2704 3095 2809 3146 Aur.
2828 3097 2867 3135 2.

419 3161 890 3226 aecclesiastico
973 3159 1355 3224 introductis
1434 3165 1498 3224 et
1578 3160 1973 3242 indulgentia
2042 3159 2343 3225 resolutis
2422 3162 2675 3228 animae

417 3248 732 3330 presentis
795 3246 1077 3330 corporis
1141 3245 1223 3310 ab
1283 3245 1723 3330 archipresule
1782 3247 2077 3312 remissio
2140 3246 2361 3326 datur,
2426 3269 2467 3312 a
2530 3270 2675 3314 con-

419 3331 864 3397 sacerdotibus
950 3329 1216 3418 [autem]
1304 3333 1616 3396 memoria
1702 3333 2099 3416 exposcitur,
2186 3332 2676 3400 lacrimabiliter

417 3425 632 3484 autem
678 3440 718 3482 a
759 3419 992 3503 populo
1044 3419 1315 3503 supplici
1359 3417 1768 3500 impenditur.
1857 3418 1965 3484 VI.
2014 3418 2177 3484 feria
2228 3417 2675 3486 illucescente*
2700 3438 2807 3488 Apr·
2828 3441 2871 3479 3·

417 3504 614 3570 funus
649 3505 984 3586 elevatum,
1032 3504 1115 3570 ad
1149 3505 1550 3587 Aquasgrani
1596 3511 1819 3574 sancto
1855 3503 2231 3586 perducitur
2266 3506 2333 3569 in
2370 3506 2670 3586 sabbat03
2699 3523 2868 3574 ΛΡΜ..

418 3590 523 3656 die
577 3613 724 3656 vero
779 3591 1099 3656 dominica
1150 3592 1218 3655 in
1271 3589 1583 3656 aecclesia
1636 3596 1896 3655 sanctae
1949 3590 2193 3656 Mariae
2248 3612 2497 3675 semper
2547 3593 2673 3657 vir·
2700 3610 2805 3661 Apr.
2824 3611 2867 3651 ⁵.

417 3679 583 3762 ginis
627 3679 694 3742 in
739 3676 948 3743 medio
986 3677 1292 3761 sepelitur
1325 3676 1539 3741 choro.
1632 3675 1908 3761 Inpensa
1947 3676 2029 3740 ab
2068 3697 2143 3740 eo
2182 3679 2429 3742 cunctis
2467 3679 2673 3762 pietas

420 3762 654 3829 obnixe
725 3763 1060 3829 oraciones
1127 3761 1443 3846 fletusque
1512 3763 1717 3827 suasit
1782 3762 2133 3847 perducere
2198 3772 2671 3846 concrepantes.

421 3851 790 3916 Dominicae
835 3849 1324 3914 resurrectionis
1368 3848 1554 3929 festa,
1608 3849 1977 3932 angelorum
2022 3870 2099 3914 ac
2144 3847 2471 3914 hominum
2516 3872 2671 3934 gau-

2738 725 2859 785 s.

417 3988 463 4039 a)
487 3992 722 4040 tractatam
748 3991 802 4039 B,
829 4000 939 4028 corr.
959 3989 1008 4029 Τ.
1097 3987 1145 4036 b)
1169 3986 1361 4026 additum
1389 3999 1417 4026 a
1445 3987 1492 4038 T,
1513 3989 1662 4037 postea
1686 3998 1863 4027 erasum.
1946 3987 1987 4036 ο)
2016 3987 2073 4036 qa
2100 3990 2141 4028 1.
2222 3987 2267 4037 d)
2291 3989 2352 4027 ita
2376 3989 2429 4036 νς
2466 3997 2597 4028 curru
2614 3990 2667 4027 Β.

419 4046 462 4091 ο)
487 4043 548 4080 ita
581 4041 616 4080 V
623 4055 641 4090 ‚·
667 4051 862 4089 anquoru
936 4040 990 4080 B.
1121 4036 1158 4090 f)
1186 4038 1413 4078 hsslolleuo
1432 4042 1574 4089 primo
1604 4039 1651 4089 Τ,
1676 4038 1788 4087 quod
1812 4040 1901 4088 ipae
1926 4051 2033 4080 corr.
2157 4039 2204 4090 g)
2229 4040 2331 4079 hacc
2355 4041 2535 4078 inseruit
2562 4041 2602 4079 Τ
2624 4043 2673 4080 in

418 4095 506 4131 loeo
531 4095 654 4132 amca
678 4104 812 4134 vacuo
836 4093 990 4132 relicto.
1107 4092 1156 4142 h)
1183 4091 1386 4131 succinte
1412 4093 1451 4131 1.
1557 4090 1593 4142 i)
1618 4090 1826 4130 albanum
1856 4093 1910 4141 B,
1935 4102 2041 4131 corr.
2071 4091 2117 4130 T.
2232 4090 2280 4141 k)
2306 4090 2592 4131 illusessents
2616 4093 2672 4132 Β.

422 4196 473 4261 1)
510 4198 598 4251 De
630 4213 736 4266 quo
767 4213 817 4250 v.
849 4197 1020 4257 VIII,
1055 4197 1106 4250 5.
1253 4194 1307 4259 2)
1354 4195 1710 4249 Nobilitatem
1742 4197 1957 4263 ymen-is
1991 4202 2041 4250 et
2068 4196 2437 4264 propinquam
2474 4212 2669 4263 cayna-

420 4266 614 4319 tionem
659 4282 780 4320 cum
823 4266 978 4333 νομέα
1017 4271 1173 4333 gente
1214 4264 1427 4317 videtur
1467 4280 1566 4332 per
1606 4270 1860 4332 quartam
1908 4271 2083 4320 rotam
2126 4265 2431 4332 intelliyere.
2518 4265 2673 4319 Haec

420 4334 603 4387 saltim
639 4335 1030 4404 praeroyativa
1073 4339 1193 4389 erat
1225 4333 1507 4400 Heinrici,
1558 4333 1625 4386 de
1656 4348 1767 4401 qua
1802 4333 2137 4388 Adelboldus
2171 4349 2291 4401 cap.
2322 4337 2367 4388 1.
2440 4334 2669 4389 KIND.

423 4401 578 4468 Conf.
613 4409 793 4458 tamen
829 4403 1054 4468 Hei-sch,
1109 4401 1325 4456 ‘Jahrb
1367 4403 1556 4456 Hes’nr.
1583 4403 1689 4456 II.’
1725 4402 1778 4468 I,
1821 4417 1879 4469 p.
1906 4404 2011 4457 200
2042 4419 2097 4456 n.
2124 4403 2175 4457 3.
2331 4403 2385 4469 3)
2444 4403 2671 4458 Hillers-

421 4471 570 4526 leben
603 4472 744 4526 inter
789 4472 1157 4527 Wozmirstedt
1192 4479 1243 4527 et
1279 4471 1850 4526 Neu-Haldensleben.
