3100 5050
160 1703 186 1726 ¹*
207 1704 299 1752 fol.
320 1703 411 1742 187.

158 3324 182 3347 ²·-
201 3324 290 3372 χοι.
316 3320 416 3360 isv‘.

941 423 1347 478 THIETMARI
1384 421 1647 478 CHRON.
1718 423 1856 476 LIB.
1893 421 1974 474 IX
2011 422 2206 487 (VIII).
2602 423 2702 478 251

616 578 717 641 20.
782 576 968 654 Quod
1004 596 1154 640 vero
1192 574 1355 662 [hos]
1388 573 1473 639 ad
1505 573 1666 638 haec
1697 574 1946 656 agenda
1977 573 2486 653 inflammaverit,
2523 596 2704 639 vera-

442 661 605 726 citer
665 662 1026 744 explicabo,
1124 659 1403 726 Secundi
1466 658 1722 724 Ottonis
1779 660 1961 742 larga
2027 659 2390 742 benignitas
2457 660 2702 724 cunctis

438 747 715 830 pleniter
756 747 1051 811 arridens
1094 747 1417 829 quendam
1466 744 1784 810 forestum
1835 746 2006 808 inter
2049 743 2268 810 Salam
2323 755 2388 809 et
2436 744 2704 810 Mildam

440 830 671 896 fluvios
716 837 781 896 et
826 831 1048 898 Siusili
1105 853 1181 896 ac
1235 831 1438 896 Plisni
1480 850 1686 914 pagos
1729 831 2046 895 iacentem
2090 837 2347 895 nostrae
2391 833 2707 896 concessit

442 917 867 995 aecclesiael‚
919 916 1315 999 temporibus
1370 916 1631 982 Gisileri
1674 916 1986 980 antistitis
2041 922 2106 980 et
2153 914 2488 980 Gunterii⁸
2536 935 2704 980 mar·
2743 926 2903 993 (974).

440 1001 711 1069 chionis.
821 1002 977 1068 Post
1030 1001 1367 1084 lugubrem
1422 1021 1572 1066 vero
1629 1009 1896 1066 nostrae
1955 1000 2127 1064 sedis
2198 999 2706 1066 destruccionem

440 1093 753 1169 regnante
787 1093 943 1152 tunc
978 1088 1177 1152 tercio
1216 1085 1451 1151 Ottone
1487 1084 1901 1150 Ekkihardus
1951 1084 2240 1149 marchio
2277 1085 2586 1151 forestum
2623 1086 2704 1150 ad

438 1173 651 1238 locum
698 1173 1061 1256 Sumeringi
1104 1171 1397 1237 dictum2
1450 1171 1792 1255 acquisivit
1845 1177 1911 1234 et
1953 1191 2101 1234 cum
2145 1170 2370 1236 eodem
2414 1178 2706 1236 nostrum
2745 1182 2905 1248 (997).

440 1257 919 1325 eommutavit&
1007 1257 1370 1322 Renovator
1412 1263 1634 1322 autem
1675 1261 1938 1320 nostrae
1995 1262 2147 1321 tunc
2199 1255 2540 1338 dignitatis
2591 1277 2705 1321 rex

440 1342 784 1408 Heinricus
864 1363 1009 1406 cum
1076 1343 1361 1408 maxima
1422 1348 1609 1426 parte
1674 1341 2222 1424 appertinentium
2298 1340 2706 1424 presentibus

440 1429 689 1493 cunctis
732 1427 1153 1512 optimatibus
1205 1429 1343 1492 suis
1400 1434 1465 1492 et
1506 1424 1942 1492 confratribus
1985 1423 2156 1513 [hiis]
2199 1426 2597 1492 Herimanno
2643 1434 2708 1492 et

440 1513 815 1578 Ekkihardo
859 1513 927 1577 id
971 1511 1319 1578 defendere
1374 1533 1507 1578 non
1559 1511 1916 1576 valentibus
1959 1512 2306 1576 iudiciaria
2346 1512 2489 1594 lege
2533 1511 2706 1578 hunc
2744 1541 2787 1578 c.
2821 1525 2971 1579 1005.

437 1600 742 1670 restituit.
830 1599 1117 1681 Cumque
1178 1599 1282 1663 hic
1343 1598 1411 1661 in
1473 1603 1736 1662 nostrae
1798 1595 2083 1661 dominio
2145 1597 2498 1662 aecclesiae
2558 1598 2704 1679 plus

440 1704 637 1767 quam
690 1683 1031 1748 duodecim
1082 1705 1286 1748 annos
1359 1682 1602 1748 *staret
1673 1688 1740 1746 et
1791 1681 1962 1746 hunc
2018 1682 2436 1748 Hirimannus
2494 1702 2707 1747 comes

439 1769 555 1832 LX
600 1770 843 1834 mansis
887 1769 1203 1834 redimere
1248 1790 1328 1833 ex
1380 1789 1526 1832 mea
1576 1773 1903 1850 potestate
1955 1768 2326 1832 nullatenus
2379 1768 2704 1848 valuisset,

441 1855 647 1919 visum
702 1861 802 1920 est
854 1856 941 1931 ei,
997 1861 1070 1918 ut
1123 1874 1270 1917 eum
1324 1853 1449 1918 sibi
1504 1858 1569 1917 et
1622 1853 1936 1917 confratri
1989 1873 2184 1935 super
2235 1852 2509 1918 duorum
2560 1874 2708 1935 pro-

441 1940 783 2021 prietatem
829 1937 1376 2020 burgwardorum,
1422 1937 1900 2002 110(11101111111’·’ι
1944 1959 2022 2002 ac
2066 1937 2478 2003 Titibutziem
2495 1939 2539 2016 5,
2588 1939 2706 2002 im-

439 2025 787 2107 peratoriis
823 2023 1232 2088 veudicaret0
1264 2024 1608 2106 preceptis,
1646 2043 1916 2104 sperans
1949 2023 2381 2106 antiquiorem
2417 2031 2706 2089 nostram

442 2108 1005 2174 confirmacionem
1037 2107 1153 2171 diu
1188 2128 1328 2172 esse
1364 2107 1692 2173 abolitam.
1749 2108 1935 2186 Quod
1961 2129 2108 2172 cum
2135 2108 2293 2172 mihi
2319 2109 2377 2173 is
2405 2110 2704 2191 aperiret,

444 2194 510 2257 id
547 2194 639 2257 nil
673 2192 987 2276 proficere
1022 2192 1243 2258 sensit.
1304 2192 1600 2276 Namque
1634 2194 1701 2257 in
1730 2193 2172 2276 Magadaburg
2199 2199 2264 2258 et
2289 2194 2356 2258 in
2382 2195 2708 2277 presentia

442 2279 853 2360 imperatoris
892 2277 1141 2343 nostri⁶
1174 2286 1479 2361 precepta
1530 2280 1822 2361 utrisque
1869 2278 2294 2343 ostenduntur
2338 2287 2404 2343 et
2437 2300 2706 2343 munera
2745 2290 2895 2345 1017.

442 2365 785 2429 nostrimet
840 2363 907 2427 in
963 2363 1261 2429 omnibus
1321 2365 1542 2447 priora
1605 2384 1745 2428 0000
1809 2364 2332 2430 convincunturd.
2423 2364 2708 2429 Tandem

441 2449 771 2534 predictus
817 2469 1029 2515 comes
1071 2457 1371 2532 presente
1423 2450 1662 2514 suimet
1713 2448 1914 2513 fratre
1967 2469 2044 2512 ac
2087 2449 2155 2513 id
2201 2448 2504 2514 audiente
2549 2449 2710 2514 haec

441 2536 647 2601 fatur:
712 2536 1053 2620 ‘Quicquid
1088 2536 1401 2601 hactenus
1436 2536 1505 2599 in
1541 2535 1668 2600 hiis
1696 2534 1984 2613 fecimus,
2013 2555 2140 2599 non
2167 2534 2249 2598 011
2277 2537 2708 2601 temeritatem

441 2623 755 2706 aliquam,
820 2622 934 2686 sed
996 2642 1191 2705 quam
1251 2620 1564 2685 habuisse
1621 2619 2015 2703 speravimus
2073 2620 2416 2687 iusticiam.
2522 2620 2708 2685 Nunc

440 2715 658 2773 autem
701 2708 768 2771 id
814 2706 1228 2771 omittamus.'

616 2796 720 2857 21.
793 2792 936 2857 Non
998 2793 1183 2875 longe
1242 2799 1390 2874 post
1450 2787 1894 2871 Ekkihardus,
1952 2790 2202 2854 iuvenis
2264 2811 2342 2855 ac
2403 2790 2549 2857 ideo
2611 2792 2708 2855 in-

444 2883 769 2953 maturus,
839 2878 907 2941 in
977 2876 1360 2959 burgwardo
1429 2878 1664 2941 suimet
1733 2874 2156 2938 Rochelenzib
2227 2875 2398 2940 dicto
2469 2876 2708 2941 arduas

443 2963 836 3027 munitiones
898 2960 983 3025 ad
1044 2961 1393 3042 capiendas
1454 2960 1691 3025 ibidem
1755 2959 1926 3023 feras
1999 2960 2310 3025 instinctu
2371 2961 2709 3025 Budizlavi

444 3047 669 3112 militis
714 3048 815 3112 sui
852 3053 1062 3129 parat.
1134 3046 1276 3111 Hoc
1320 3066 1438 3129 ego
1482 3052 1712 3127 postea
1755 3046 2155 3128 comperiens
2207 3046 2539 3128 pacienter
2585 3047 2711 3111 tuli

446 3139 526 3209 et,
582 3153 661 3197 ne
715 3133 807 3196 sic
863 3152 1057 3215 agere
1114 3131 1332 3209 vellet,
1390 3154 1507 3215 per
1564 3131 2040 3195 internuncium
2093 3132 2354 3196 meimet
2412 3131 2708 3215 [fratrem

445 3217 714 3301 eius]⁰·⁷
776 3216 1113 3301 postulavi.
1219 3215 1614 3281 Hei-imanno
1669 3238 1924 3299 quoque
1975 3216 2165 3281 fratri
2210 3238 2327 3283 suo
2373 3215 2534 3281 haec
2579 3218 2709 3281 cito
2747 3228 2896 3281 1018.

446 3310 711 3386 questus
756 3303 847 3367 nil
884 3303 952 3367 in
986 3301 1115 3367 hiis
1151 3300 1449 3366 omnibus
1493 3302 1768 3385 profeci;
1816 3302 2035 3384 sicque
2073 3303 2254 3367 stetit
2287 3303 2525 3385 *usque
2565 3310 2712 3383 post
2740 3317 2908 3367 Ain-6·

444 3389 705 3470 pascha.
808 3388 895 3453 Et
950 3388 1107 3471 quia
1164 3393 1321 3451 tunc
1376 3389 1547 3451 aeris
1608 3387 1922 3452 serenitas
1981 3394 2045 3452 et
2100 3389 2242 3451 viae
2304 3387 2708 3470 oportunitas

445 3472 908 3539 conveniebant
976 3478 1042 3537 et
1103 3473 1169 3535 in
1230 3472 1351 3536 has
1414 3473 1859 3556 episcopatusf
1908 3474 2032 3536 mei
2086 3479 2302 3557 partes
2360 3494 2708 3556 numquam

446 3560 617 3638 veni,
683 3558 927 3640 placuit
978 3557 1137 3622 mihi
1195 3558 1348 3621 illuc
1414 3578 1680 3640 pergere
1747 3555 2230 3644 hactenus[que]
2287 3559 2506 3641 ignota
2565 3558 2712 3621 dili-

445 3731 488 3782 11.)
534 3734 709 3770 alten-mn
745 3730 760 3767 i
800 3739 965 3769 erasum
998 3731 1038 3768 1.
1170 3726 1217 3778 b)
1252 3738 1281 3766 n
1318 3739 1481 3767 erasum
1519 3731 1561 3767 1.
1684 3729 1725 3779 c)
1765 3730 2048 3769 vendicarent
2073 3732 2113 3768 1.
2219 3727 2264 3778 d)
2307 3728 2643 3767 conuinciuntur
2667 3731 2706 3767 1.

444 3790 485 3833 e)
512 3784 693 3823 fratrem
720 3782 818 3820 eius
844 3791 871 3819 α
901 3781 939 3819 Τ
962 3791 989 3819 α
1020 3778 1152 3819 ditum
1172 3782 1313 3829 portes
1339 3790 1502 3819 erasum
1528 3782 1576 3819 in
1603 3780 1694 3819 eod.
1715 3783 1740 3819 1
1765 3780 1887 3820 adest
1915 3782 1962 3820 in
1988 3783 2029 3820 2.
2136 3780 2171 3830 f)
2197 3791 2252 3829 pa
2278 3778 2380 3819 add.
2406 3782 2454 3819 T.

448 3886 498 3949 1)
539 3886 693 3952 Gens.
721 3886 844 3951 III,
875 3886 921 3938 1.
1019 3883 1073 3947 2)
1112 3885 1315 3950 Herm,
1344 3885 1569 3949 Mitteb,
1599 3885 1848 3949 Liztzen„
1880 3885 2086 3949 Haus-,
2117 3882 2708 3950 Ganaloffe-Sc'jmmern

444 3956 585 4010 inter
621 3956 851 4010 Unstrut
877 3960 928 4007 et
954 3954 1126 4006 Helbe
1152 3953 1344 4015 fluvios
1372 3954 1512 4018 sita3
1550 3952 1621 4017 cf.
1643 3953 1928 4020 Oeeterley,
1958 3951 2326 4021 ‘Hist.·9eoyr.
2361 3950 2711 4005 Wo‘rterbuch

447 4023 499 4076 d.
546 4024 838 4077 deutschen
867 4022 1248 4075 Mittelalters’.
1354 4023 1408 4084 3)
1445 4021 1653 4076 Charta
1689 4021 1791 4075 997
1819 4022 1965 4088 Auy.
2001 4021 2070 4073 20
2106 4020 2241 4074 data
2277 4017 2532 4085 (Stumpf
2555 4019 2708 4082 1120)

448 4091 569 4147 Otto
612 4092 737 4145 III.
782 4090 1089 4144 interventu
1134 4088 1435 4157 Eggihardi
1486 4088 1812 4143 marchionis
1857 4091 2134 4153 forestum
2191 4105 2352 4142 suum
2405 4086 2711 4153 Sumiringe

448 4159 504 4212 S.
518 4161 789 4215 Mauricio
802 4159 1272 4226 Maydeburqensi
1286 4158 1531 4223 tradidit,
1546 4174 1652 4226 pro
1668 4174 1774 4225 quo
1782 4155 2050 4223 forestum
2064 4156 2377 4224 Zwengowa
2385 4154 2713 4217 (Zwenkau)

449 4228 651 4281 (lictum
690 4229 833 4282 iusto
878 4226 1189 4282 concambio
1235 4228 1458 4293 accepit.
1633 4227 1687 4286 4)
1743 4225 2010 4279 Roehlite.
2184 4226 2238 4288 5)
2295 4225 2498 4291 Teitzey
2552 4222 2710 4277 URS.

450 4295 643 4349 Potius
676 4294 923 4362 fortasse
966 4295 1335 4350 Debitzschen
1378 4296 1520 4348 inter
1564 4295 1717 4348 Zeitz
1767 4301 1821 4348 et
1863 4292 2053 4346 Lucka
2109 4298 2208 4345 aut
2253 4294 2502 4346 Deutzen
2545 4306 2713 4357 prope

452 4362 635 4429 Reqie.
730 4364 783 4427 6)
821 4366 1015 4419 Mense
1040 4364 1206 4418 Febr.
1235 4380 1287 4418 a.
1316 4364 1469 4425 1017,
1497 4368 1561 4416 ut
1586 4362 1800 4417 videtur
1810 4380 1828 4426 ;
1857 4361 1928 4428 ef.
1961 4361 2127 4426 VIII,
2155 4362 2240 4423 52,
2269 4359 2487 4415 ‘Jahrb
2516 4361 2566 4422 I,
2595 4359 2712 4413 296.

450 4430 503 4493 7)
540 4429 931 4499 Guntherium3
968 4448 1017 4486 v.
1050 4431 1222 4500 infra.
