3100 5050
498 445 601 498 210
986 437 1391 496 mmmmm
1426 438 1688 496 onnon.
1757 439 1894 494 Lm.
1932 440 2064 496 vm
2101 441 2266 507 (vn).

3060 389 3061 422 l

3060 443 3061 474 l

294 607 461 664 1016.
498 596 677 680 regio
733 615 997 661 munere
1052 594 1410 679 prestitum.
1511 593 1870 678 Imperator
1931 593 2203 677 sapienti
2264 615 2420 660 usus
2480 595 2746 660 consilio

497 681 622 747 hoc
666 681 866 746 voluit
898 700 1044 746 cum
1078 679 1206 745 hiis
1249 679 1317 744 id
1354 677 1478 743 sibi
1510 677 1757 744 firmius
1791 679 2085 758 subdere,
2139 678 2313 765 quod
2346 679 2534 764 longe
2568 681 2747 764 prius

496 787 616 832 rex
668 765 997 852 predictus
1055 767 1114 831 ei
1170 765 1596 831 sacramentis
1649 770 1798 846 post
1849 771 2113 830 mortem
2169 786 2352 830 suam
2404 767 2746 832 sancierat.

498 853 765 918 Omnem
809 871 1086 936 namque
1128 849 1541 934 Burgundiae
1586 850 1865 934 regionis
1914 852 2257 934 primatum
2280 851 2303 896 ¹
2353 872 2469 936 per
2519 873 2748 918 manus

496 938 583 1004 ab
636 937 929 1003 avinculo
982 936 1217 1002 suimet
1266 936 1515 1020 accepit
1577 943 1644 1002 et
1693 937 1774 1001 de
1825 937 2121 1001 maximis
2172 935 2368 1001 rebus
2421 938 2559 1003 sine
2611 937 2747 1004 eius

496 1024 769 1090 consilio
812 1044 943 1089 non
984 1021 1211 1088 fiendis
1256 1022 1668 1088 securitatem
1711 1021 1983 1088 firmam.

669 1128 770 1194 28.
853 1125 1313 1210 Episcopatum
1370 1125 1439 1188 in
1493 1123 1616 1188 hac
1672 1125 1931 1206 regione
1988 1124 2308 1208 quodam⁸
2357 1124 2559 1190 nobili
2609 1127 2746 1190 viro

496 1211 693 1292 dedit,
729 1211 809 1277 de
837 1231 961 1293 quo
987 1218 1213 1296 postea
1238 1210 1343 1274 vix
1380 1231 1642 1275 securus
1679 1211 1901 1275 evasit.
1965 1209 2256 1295 Namque
2283 1211 2746 1290 Willehelmu8‚

494 1304 834 1383 prepotens
860 1297 959 1362 vir
991 1298 1061 1360 in
1095 1295 1219 1360 hiis
1245 1294 1561 1380 partibus,
1598 1300 1672 1359 ut
1694 1294 1818 1360 hoc
1853 1315 2041 1361 omne
2069 1297 2436 1383 comperitb,
2476 1296 2744 1362 eundem

500 1384 801 1469 persequi
852 1389 918 1448 et
966 1381 1050 1446 ad
1102 1381 1400 1446 ultimum
1453 1380 1804 1464 fugientem
1863 1381 2070 1447 solum
2133 1381 2395 1448 canibus
2457 1384 2749 1466 precepit

493 1471 753 1553 inquiri.
834 1469 1010 1548 Quos
1047 1488 1190 1532 cum
1228 1468 1497 1532 antistes
1529 1468 1662 1531 iam
1699 1467 2088 1551 defatigatus
2123 1469 2438 1534 latrantes
2473 1468 2746 1548 audiret,

494 1555 667 1640 quod
713 1555 973 1619 unicum
1016 1560 1170 1619 tunc
1214 1551 1440 1618 habuit
1483 1551 1814 1631 solacium,
1861 1555 2041 1637 signo
2087 1559 2349 1619 sanctae
2385 1556 2594 1620 crucis
2630 1574 2748 1620 sua

492 1649 641 1726 post
680 1639 839 1725 [se]0
875 1640 1136 1722 signans
1161 1639 1450 1722 vestigia,
1486 1639 1674 1722 quasi
1702 1645 1992 1704 mortuus
2026 1640 2231 1705 iacuit
2262 1647 2328 1704 et
2361 1639 2446 1705 ad
2481 1640 2747 1722 predam

492 1733 760 1813 paratus
820 1725 970 1805 fuit3
1035 1731 1100 1790 et
1158 1745 1302 1790 ecce
1366 1744 1556 1789 canes
1615 1724 1828 1809 rapidi
1881 1725 2023 1790 loca
2075 1727 2322 1790 eminus
2374 1725 2748 1792 olfacientes

494 1813 776 1896 signata,
838 1816 915 1876 ut
974 1808 1207 1894 grandi
1266 1808 1523 1875 turbine
1585 1810 1920 1889 retroacti,
1982 1813 2222 1877 reversi
2281 1819 2456 1876 sunt:
2531 1819 2594 1877 et
2655 1814 2746 1878 sic

492 1917 681 1963 verus
734 1896 856 1962 Dei
916 1895 1200 1960 famulus
1260 1917 1375 1980 per
1434 1896 1762 1979 incognita
1821 1898 2098 1962 nemoris
2159 1898 2305 1962 loca
2366 1897 2450 1962 ad
2510 1897 2747 1964 amicos

493 1983 784 2068 perrexit
826 1981 1003 2048 fines.

666 2087 767 2152 29.
865 2084 1063 2150 Cesar
1132 2091 1349 2150 autem
1418 2084 1554 2169 regi
1622 2089 1686 2148 et
1755 2085 2097 2149 contectali
2169 2085 2306 2149 eius
2373 2085 2746 2169 cunctisque

494 2172 730 2237 suimet
800 2170 1198 2255 principibus
1268 2168 1657 2235 ineffabilem
1729 2171 2066 2253 pecuniam
2126 2171 2305 2235 dedit
2365 2176 2430 2235 et
2489 2169 2746 2234 firmata

493 2259 728 2322 iterum
772 2257 1041 2339 antiqua
1083 2255 1441 2321 tradicione
1492 2274 1602 2319 eos
1647 2254 1826 2319 abire
1871 2255 2220 2339 *permisit,
2278 2256 2414 2337 ipse
2461 2257 2746 2320 exercitu
2774 2277 2798 2303 *
2818 2278 2907 2327 soz.
2931 2280 3028 2320 154‘.

491 2347 873 2427 congregato
908 2342 993 2407 ad
1026 2341 1332 2406 Basulam
1368 2339 1594 2405 urbem
1627 2341 1972 2426 profectus.
2062 2341 2187 2408 Sed
2222 2363 2368 2406 cum
2408 2341 2501 2406 ibi
2526 2341 2746 2406 Wille—

491 2428 775 2493 helmum
817 2428 1083 2492 munitis
1125 2426 1396 2492 urbibus
1438 2427 1844 2492 resistentem
1889 2432 1955 2491 et
1996 2428 2333 2493 introitum
2374 2426 2500 2494 sibi
2531 2427 2746 2511 prohi—

491 2514 644 2581 bere
694 2515 1051 2597 cupientem
1107 2512 1387 2592 audiret,
1454 2534 1653 2597 parva
1704 2512 2114 2578 multitudine
2165 2512 2418 2579 diffisus
2471 2513 2747 2580 amicam

489 2621 751 2666 manum
812 2599 1316 2684 undiquessecus
1381 2600 1628 2683 colligit
1693 2606 1756 2665 et
1805 2600 2166 2684 provincias
2221 2599 2345 2665 sibi
2395 2600 2746 2666 rebellare<1

489 2694 931 2770 presumentes
974 2684 1274 2750 incendio
1319 2685 1449 2749 late
1491 2683 1791 2767 flagranti
1837 2706 2099 2751 securus
2140 2685 2469 2755 desolavit.
2556 2685 2745 2750 Cum-

494 2792 617 2857 que
664 2792 733 2837 se
776 2771 1019 2836 nullam
1064 2770 1319 2837 urbium
1364 2770 1712 2835 earundem
1758 2792 2124 2855 expugnare
2166 2793 2292 2855 pro,
2323 2778 2496 2837 certo
2534 2772 2744 2851 sciret,

490 2877 785 2923 reversus
847 2864 944 2921 est
1000 2857 1238 2935 tristiS,
1310 2856 1481 2940 quod
1544 2877 1661 2920 nec
1722 2856 1828 2923 hic
1890 2878 2004 2921 nec
2067 2860 2132 2923 in
2191 2866 2376 2941 parte
2446 2858 2745 2923 orientali

490 2944 851 3009 nocituram
892 2942 1181 3007 hostibus
1227 2943 1361 3007 suis
1405 2941 1624 3006 intulit
1666 2942 2048 3010 molestiam.

663 3044 825 3131 (21.)
887 3045 1152 3111 Interim
1186 3044 1541 3128 inperatrix
1575 3045 1644 3109 in
1685 3046 1925 3109 nostris
1969 3050 2360 3111 commorata
2400 3046 2744 3128 provinciis

492 3130 926 3197 defensionem
950 3131 1201 3215 patriae
1238 3151 1381 3195 cum
1410 3130 1648 3195 nostris
1683 3130 2083 3215 principibus
2111 3131 2477 3197 meditatur.
2523 3131 2746 3197 Hostis

492 3224 711 3283 autem
755 3223 1010 3281 noster⁰
1045 3216 1408 3281 Bolizlavus
1452 3217 1622 3281 inter
1663 3216 1826 3282 haec
1869 3216 1962 3281 nil
2004 3228 2228 3281 nostra
2263 3218 2429 3297 lesit,
2477 3218 2587 3282 sed
2624 3239 2745 3282 sua

492 3304 701 3368 munit
790 3308 855 3369 et
922 3308 1136 3367 certus
1207 3300 1287 3367 de
1356 3307 1584 3367 eventu
1653 3304 1895 3367 cesaris
1965 3300 2262 3367 effectusf
2333 3303 2616 3367 laetatur
2679 3310 2747 3369 et

493 3389 685 3454 nimis
730 3388 1074 3455 extollitur.
1162 3386 1453 3471 Namque
1497 3387 1709 3466 multi,
1765 3387 1995 3471 quibus
2040 3388 2162 3453 hoc
2206 3390 2533 3471 cognitum
2582 3396 2742 3468 erat,

492 3473 805 3539 veraciter
839 3473 1231 3553 asserebant,
1277 3473 1333 3538 si
1369 3492 1554 3538 cesar
1587 3472 1670 3537 ad
1707 3494 1853 3537 eum
1887 3481 2079 3538 tunc&
2113 3476 2444 3539 turmatim
2481 3475 2743 3554 veniret,

491 3562 785 3625 timorem
798 3560 847 3639 ¹¹,
903 3559 1074 3643 quod
1119 3558 1390 3624 eundem
1433 3557 1513 3623 de
1558 3560 1797 3625 nostris
1848 3560 2220 3644 respiceret,
2287 3561 2626 3625 restituere
2679 3568 2746 3625 et

494 3667 638 3711 eum
692 3644 775 3710 ad
818 3646 1213 3710 servitutemi
1266 3665 1448 3710 suam
1504 3665 1665 3726 pace
1715 3649 1966 3710 tantum
2019 3665 2320 3711 concessa
2379 3651 2745 3731 promptum

494 3738 561 3797 et
602 3730 854 3796 fidelem
898 3730 1135 3798 habere
1176 3731 1511 3814 potuisset.

663 3834 767 3901 30.
839 3832 965 3898 Sed
1010 3832 1529 3916 Burgundiorum
1573 3853 1688 3897 rex
1740 3832 1948 3899 mollis
1997 3840 2060 3899 et
2102 3831 2507 3899 effeminatus
2551 3833 2743 3914 bona,

496 3938 660 4003 quae
694 3920 915 4002 nepoti
946 3919 1177 3984 suimet
1210 3918 1526 4002 promisit,
1571 3917 1884 4003 impedire
1917 3939 2136 3985 eorum
2182 3920 2489 3985 instinctu
2522 3920 2743 3996 voluit,
3059 3932 3061 4003 5

494 4006 726 4089 quibus
770 4004 1061 4069 relaxato
1106 4004 1402 4069 iusticiae
1446 4004 1627 4068 freno
1663 4003 1850 4070 velud
1885 4005 2143 4092 infelici
2177 4004 2367 4070 vitulo
2397 4028 2512 4091 pev-
2547 4005 2742 4070 latum
3060 4016 3061 4041 ¹

495 4168 539 4217 a)
565 4168 737 4207 cuidam
765 4168 953 4207 radendo
979 4178 1086 4207 corr.
1114 4168 1218 4215 azqs.
1237 4169 1275 4206 1.
1382 4166 1429 4215 b)
1456 4168 1683 4217 comperiit
1709 4169 1765 4208 D.
1871 4168 1912 4219 c)
1937 4170 1987 4208 in
2013 4169 2133 4209 codd.
2163 4170 2288 4209 deest.
2385 4169 2430 4218 d)
2454 4170 2669 4219 repauare
2686 4170 2743 4218 D,

492 4221 739 4260 rebaellare
766 4231 872 4259 corr.
896 4218 942 4259 Τ.
1076 4218 1122 4268 e)
1158 4219 1293 4257 nostri
1329 4218 1383 4269 D,
1426 4230 1534 4260 corr.
1558 4220 1606 4259 Τ.
1738 4219 1774 4269 f)
1817 4218 2042 4259 affectatus
2069 4221 2123 4261 D.
2242 4221 2288 4273 g)
2330 4224 2424 4261 tum
2449 4222 2515 4271 D,
2555 4224 2660 4261 tunc
2686 4221 2740 4261 T.

494 4272 543 4320 h)
570 4272 718 4312 timem
747 4272 786 4311 1.
890 4271 923 4321 i)
951 4271 1158 4313 servitem
1186 4272 1241 4321 D,
1266 4274 1313 4309 tn
1339 4269 1442 4310 add.
1464 4272 1513 4311 Τ.

498 4401 550 4465 1)
584 4402 635 4453 I.
674 4416 717 4453 e.
752 4400 1029 4467 primates,
1066 4398 1354 4467 principes3
1404 4399 1475 4467 ef.
1505 4400 1708 4467 Waitz,
1745 4398 2180 4468 ‘Forschunqen’
2221 4402 2402 4469 XIII,
2437 4402 2538 4458 492
2551 4401 2742 4465 —494‚

496 4475 547 4524 et
580 4484 755 4537 supra
800 4468 862 4531 V,
903 4471 994 4524 11:
1032 4468 1354 4522 Francorum
1392 4471 1449 4522 et
1482 4467 1926 4522 Muselenensium
1963 4470 2242 4536 primatu&
