3100 5050
259 576 412 635 1002.

193 3246 304 3298 Apr.
325 3248 392 3289 30.

447 413 550 468 110
1063 410 1470 466 THIETMARI
1503 408 1767 467 CHRON.
1838 412 1976 468 LIB.
2011 414 2077 469 V.

449 568 663 647 atque,
723 569 797 629 ut
838 563 931 629 ibi
988 570 1368 647 pernoctare
1423 564 1639 645 vellet,
1706 572 1989 648 rogatur.
2088 564 2505 633 Intimaverat
2548 568 2700 633 huic

446 649 692 714 occulte
737 649 974 716 domna
1018 650 1324 715 Ethelind
1365 651 1760 728 cometissa⁸‚
1807 651 1977 735 quod
2022 650 2320 735 Sigifrith
2365 659 2429 717 et
2463 653 2696 727 Benno,

441 736 711 801 senioris
773 736 1008 801 suimet
1057 734 1201 812 filii,
1263 756 1408 801 cum
1469 735 1901 802 confratribus
1957 736 2259 803 Heinrico
2312 746 2378 803 et
2432 736 2695 805 Udone¹

439 821 714 904 aliisque
759 822 1310 905 conspiratoribus
1357 822 1489 887 suis
1535 821 1650 887 *de
1694 843 1847 888 nece
1900 842 2021 887 sua
2068 824 2298 909 positis
2341 831 2747 891 tractarent*
2767 847 2931 899 p.'192.

439 906 711 986 insidiis,
758 907 1133 992 suppliciter
1175 906 1557 991 efflagitans,
1603 913 1675 971 ut
1719 914 1835 973 aut
1876 907 1967 974 ibi
2002 930 2206 993 usque
2238 910 2307 974 in
2339 911 2695 976 crastinum

437 999 730 1058 maneret
765 1014 880 1059 seu
925 993 1054 1058 alio
1100 993 1460 1059 diverteret.
1541 992 1727 1058 Talia
1770 1014 1985 1059 comes
2027 993 2301 1079 benigne
2342 997 2696 1079 suscipiens

436 1079 840 1164 propositum
910 1079 1164 1144 itineris
1233 1084 1498 1163 propter
1569 1099 1677 1143 eos
1746 1080 2211 1163 interrumpere
2286 1102 2695 1166 nequaquam

436 1184 628 1247 posse
680 1186 798 1230 nec
849 1165 1012 1230 velle
1077 1165 1426 1247 respondit.
1536 1163 1696 1229 Inde
1757 1166 2049 1250 protinus
2106 1166 2441 1232 discedens
2509 1176 2695 1233 caute

438 1270 589 1316 suos
635 1272 752 1334 per
793 1270 1046 1316 omnem
1091 1249 1263 1315 diem
1307 1250 1472 1315 hanc
1508 1250 1964 1336 circumspexit
2006 1258 2090 1333 et,
2126 1260 2199 1317 ut
2236 1254 2530 1339 optimus
2552 1261 2694 1321 erat

435 1337 649 1415 miles,
709 1358 791 1402 ne
854 1344 1274 1414 terrerentur,
1339 1338 1717 1401 ammonuit.
1832 1336 2020 1414 Quod
2084 1340 2331 1403 eminus
2394 1338 2593 1404 hostis
2654 1360 2693 1405 e

434 1422 788 1488 latentibus
829 1421 1082 1487 insidiis
1127 1420 1560 1500 considerans,
1610 1425 1762 1505 quia
1806 1442 1932 1487 non
1975 1423 2135 1487 utile
2171 1422 2295 1488 sibi
2331 1430 2485 1490 tunc
2520 1424 2692 1491 vide-

434 1507 655 1582 batur,
715 1508 969 1573 distulit
1021 1513 1088 1573 et
1129 1507 1422 1591 sequenti
1475 1513 1665 1573 nocte
1718 1508 1989 1592 inceptis
2039 1510 2387 1593 persistere
2444 1508 2691 1577 dextris

433 1593 850 1661 confirmavit.

603 1682 662 1746 6.
707 1678 826 1778 (4.)
899 1678 1192 1744 Pervenit
1233 1686 1452 1743 autem
1497 1698 1713 1743 comes
1755 1678 1841 1745 ad
1884 1678 2094 1745 locum
2136 1679 2689 1764 predistinatumb‚

431 1766 543 1848 qui
596 1764 868 1831 Pahthi⁰
919 1764 1196 1847 dicitur3
1261 1772 1330 1831 et
1383 1764 1560 1828 facto
1612 1784 1873 1848 vespere
1917 1764 2195 1830 comedit
2251 1772 2315 1831 et
2364 1768 2434 1831 in
2475 1768 2691 1851 lignea

433 1851 759 1916 caminata
813 1872 960 1916 cum
1017 1851 1282 1931 paucisd
1337 1849 1682 1915 dormitum
1736 1850 1872 1917 ivit.
1984 1850 2239 1915 Caeteri
2288 1872 2437 1917 vero
2494 1873 2688 1937 quam

429 1936 694 2021 plurimi
747 1938 815 2001 in
865 1936 1158 2018 proximo
1210 1934 1627 2020 quiescebant
1678 1937 1933 2002 solario,
2036 1936 2245 2016 *Quos
2300 1956 2445 2003 cum
2499 1959 2690 2021 sopor
2714 1958 2840 2009 *sor
2860 1961 2929 2001 ⁸4.

432 2022 667 2106 oppido
717 2023 927 2088 lassos
978 2030 1304 2105 gravaret,
1366 2022 1631 2087 inimica
1682 2043 1911 2087 manus
1964 2022 2260 2089 incautos
2321 2025 2687 2109 opprimens

427 2109 666 2173 invasit
738 2110 1162 2192 comitemque
1225 2106 1615 2173 clamoribus
1666 2108 1971 2173 inmensis
2024 2110 2375 2174 excitatum
2429 2130 2469 2175 a
2520 2109 2686 2175 lecto

429 2194 725 2259 celeriter
770 2214 1030 2277 surgere
1075 2194 1398 2277 compulit.
1488 2192 1557 2259 Is
1600 2214 1749 2259 vero
1794 2193 1993 2259 braca
2034 2194 2267 2260 suimet
2313 2200 2380 2261 et
2421 2195 2686 2279 quibus·-

429 2300 702 2363 cumque
744 2281 957 2365 potuit
999 2280 1132 2363 igni
1167 2281 1334 2344 vires
1378 2280 1667 2363 suggerit
1710 2286 1795 2359 et,
1834 2280 2007 2363 quod
2042 2285 2199 2345 tunc
2231 2282 2687 2366 premeditari⁶

427 2385 554 2430 non
601 2366 827 2445 valuit,
895 2366 1120 2431 fractis
1179 2364 1479 2431 fenestris
1541 2366 1848 2431 maiorem
1892 2365 2165 2431 nocendi
2218 2388 2409 2449 quam
2460 2388 2531 2433 se
2576 2366 2683 2433 de-

427 2451 766 2517 fendendif
810 2450 1104 2517 hostibus
1149 2450 1398 2516 aditum
1443 2450 1768 2537 patefecit.
1858 2450 1991 2517 Nec
2034 2471 2235 2531 mora,
2280 2474 2396 2538 pre
2434 2452 2683 2521 foribus

427 2539 744 2603 occiditur
787 2539 970 2603 miles
1007 2537 1474 2603 Herimannusss
1518 2544 1583 2603 et
1626 2539 1905 2604 exterius
1954 2537 2040 2604 ad
2076 2538 2388 2604 auxilium
2426 2539 2683 2604 domino

424 2645 780 2708 properans
815 2622 1140 2703 Amulius,
1185 2624 1374 2690 ambo
1417 2624 1620 2689 fortes
1662 2630 1732 2688 et
1772 2642 1977 2708 usque
2016 2624 2101 2689 ad
2134 2631 2403 2690 mortem
2441 2625 2679 2691 fideleS.

428 2709 818 2775 Vulneratur
872 2710 1136 2793 insuper
1189 2709 1631 2789 Erminoldu8‚
1691 2710 2099 2793 imperatoris
2160 2709 2679 2788 camerariush·2‚

425 2817 504 2860 ac
564 2796 740 2861 solus
800 2802 953 2861 tunc
1012 2802 1331 2879 repugnat
1391 2793 1835 2874 Ekkihardus‚
1892 2797 1987 2860 vir
2048 2796 2224 2862 domi
2275 2797 2681 2881 miliciaeque

423 2881 799 2962 laudabilis3
846 2883 950 2946 cui
996 2881 1272 2947 Sifridus
1317 2882 1511 2947 hasta
1552 2881 1813 2946 fortiter
1854 2883 2091 2947 emissa
2132 2882 2374 2947 nodum
2418 2884 2679 2948 cervicis

424 2967 686 3052 infregit
744 2973 1109 3051 terramque
1174 2976 1475 3053 oppetere
1537 2966 1880 3050 compellit.
1989 2967 2129 3046 Quo
2179 2989 2335 3034 casu
2384 2970 2681 3053 protinus

420 3060 756 3137 perspecto
847 3054 1176 3118 alacriter¹
1246 3073 1464 3119 omnes
1541 3053 1825 3134 irruunt,
1900 3054 2107 3139 capud
2176 3061 2519 3138 amputant
2596 3062 2675 3134 et,

423 3139 596 3222 quod
647 3141 962 3204 miserum
1025 3146 1148 3217 est,
1210 3138 1405 3204 funus
1465 3138 1883 3223 predantur*.
1988 3141 2189 3206 Facta
2251 3147 2401 3206 sunt
2460 3148 2675 3205 autem

421 3225 580 3290 haec
633 3224 718 3292 II.
763 3225 904 3290 Kal.
954 3225 1087 3290 Mai
1099 3223 1146 3292 3.
1265 3225 1536 3290 Peracto
1592 3224 1850 3290 tandem
1911 3225 2155 3290 inmani
2224 3225 2462 3291 scelere
2530 3246 2675 3308 per-

422 3331 715 3376 cussores
779 3311 932 3391 laeti
994 3319 1058 3376 et
1115 3311 1509 3376 incolumesk
1570 3310 1864 3376 redeunt.
1969 3311 2080 3376 Hii
2125 3319 2360 3389 autem,
2434 3313 2545 3396 qui
2606 3312 2674 3376 in

421 3397 657 3462 solario
703 3403 891 3462 erant
933 3397 1164 3480 ignavi,
1209 3417 1328 3462 nec
1371 3397 1701 3461 dominum
1747 3396 2141 3462 laborantem
2186 3399 2255 3462 in
2299 3397 2517 3480 aliquo
2562 3397 2675 3462 ad-

417 3483 728 3548 iuvabant
801 3503 917 3548 nec
999 3488 1328 3548 mortuum
1407 3482 1658 3546 ulcisci1
1718 3483 2140 3549 conabantur.
2249 3482 2463 3549 Abbas
2523 3503 2675 3548 vero

529 3638 585 3705 ²12)
622 3636 930 3692 Ekkehardi
965 3639 1092 3694 add.
1132 3639 1193 3693 V.

418 3773 464 3826 a)
491 3776 715 3814 commissa
743 3775 933 3816 radendo
959 3778 1050 3824 alqe
1077 3787 1184 3815 corr.
1212 3778 1254 3815 1.
1361 3774 1409 3826 b)
1435 3775 1756 3823 predistitatum
1781 3773 1833 3824 Δ,
1861 3785 1967 3814 corr.
1994 3775 2053 3824 T?
2082 3773 2271 3824 predest.
2300 3774 2345 3814 V.
2448 3771 2491 3824 c)
2516 3775 2671 3823 pontin

415 3827 604 3867 radendo
639 3829 730 3876 αἶρε
763 3839 873 3868 corr.
1002 3827 1048 3876 d)
1086 3829 1148 3866 ita
1171 3827 1218 3866 V.
1256 3827 1376 3876 pacis
1402 3826 1456 3866 A.
1588 3825 1632 3877 ο)
1672 3825 1960 3875 premeditato
1984 3825 2037 3865 A.
2160 3825 2197 3876 f)
2233 3827 2295 3865 ita
2323 3826 2377 3878 Vg
2412 3825 2587 3865 defendi
2615 3825 2669 3864 A.

415 3881 462 3926 g)
488 3879 704 3918 heriman>
731 3881 771 3918 1.
873 3877 924 3930 h)
949 3881 1134 3918 cameris
1160 3878 1212 3928 A,
1241 3889 1346 3919 corr.
1369 3879 1418 3918 T.
1522 3875 1559 3930 i)
1582 3878 1629 3918 la
1652 3877 1757 3918 add.
1780 3880 1830 3918 Τ.
1928 3877 1978 3928 k)
2004 3878 2241 3918 incolomes
2267 3877 2330 3927 A?
2355 3878 2598 3917 incolumes
2620 3878 2670 3916 Τ.

415 3930 451 3982 1)
476 3931 538 3970 ita
565 3933 615 3980 1'3
645 3931 801 3971 ulcis-1
827 3932 879 3971 A.

415 4036 473 4100 1)
505 4034 586 4090 De
621 4032 1010 4088 Catelenburch
1047 4034 1174 4088 add.
1211 4033 1358 4088 Ann.
1393 4033 1524 4089 Sam.
1564 4035 1742 4090 Filios
1777 4033 2043 4102 Siyef'ridi
2075 4032 2285 4088 comitis
2328 4049 2397 4086 ex
2431 4033 2669 4088 secundo

413 4105 758 4159 matrimonio
793 4120 914 4158 cum
947 4103 1247 4158 Ethelinda
1277 4102 1412 4158 inito
1446 4103 1571 4158 illos
1588 4105 1777 4168 fuisse
1810 4101 2265 4172 Lappenberqius
2302 4103 2520 4156 censuit.
2590 4101 2669 4154 At

415 4173 746 4228 Heium-icum
791 4179 842 4228 et
883 4172 1121 4227 Uononem
1155 4171 1420 4239 Siyz'ftidi
1459 4179 1509 4226 et
1543 4172 1829 4228 Bennonis
1858 4171 2067 4238 fratres
2112 4170 2289 4234 fuisse
2325 4170 2667 4224 I'hietmarus

413 4254 524 4295 non
577 4242 733 4297 dicit.-
782 4241 1094 4296 vertendum
1145 4242 1284 4294 enim
1330 4257 1442 4295 non
1485 4249 1565 4296 est
1611 4241 1715 4296 mit
1762 4240 1914 4294 ihren
1963 4238 2221 4302 Briidern,
2271 4239 2369 4293 sed
2412 4239 2517 4292 mit
2562 4236 2665 4292 den

414 4307 672 4364 Brudern.
741 4311 832 4364 De
876 4309 1059 4364 Udone
1093 4311 1280 4364 comite
1315 4311 1775 4378 Katlenburqensi
1820 4307 1889 4371 cf.
1922 4309 2211 4364 Bresslau.
2257 4305 2327 4361 ‘J
2324 4308 2476 4362 amb.
2512 4307 2663 4360 Kon-

413 4379 550 4433 rads
574 4380 680 4432 II.'
725 4379 812 4445 II,
848 4379 1075 4432 Excurs
1106 4379 1274 4433 VIII.
1409 4379 1462 4443 2)
1499 4379 1649 4434 Eius
1675 4379 1919 4432 meminit
1946 4379 2109 4432 Neor.
2138 4377 2311 4432 Mers.
2344 4376 2471 4430 Mai
2494 4377 2542 4429 9.
2597 4379 2663 4430 L.

413 4449 470 4514 3)
507 4449 600 4504 Ex
637 4447 846 4502 Necroz.
882 4447 1112 4512 Luneb„
1148 4453 1210 4502 ut
1241 4447 1468 4503 videtwr.
1541 4447 1795 4502 Eundem
1832 4447 1973 4502 diem
2000 4450 2145 4502 Ami.
2176 4447 2363 4511 Queat.
2400 4445 2663 4500 exulabant.

3082 1942 3085 2017 J
