3100 5050
902 359 1306 416 THIETMARI
1342 359 1604 417 CHRON.
1674 362 1812 418 LIB.
1849 361 1986 416 VIII
2023 361 2189 430 (VII).
2565 363 2668 418 215

415 516 597 601 prius
642 515 971 582 tributarii
1014 521 1199 581 erant
1250 515 1562 598 principis
1615 515 2054 600 apostolorum
2098 515 2275 580 Petri
2328 535 2403 580 ac
2457 515 2667 580 sancti
2702 527 2853 584 1016.

417 602 620 685 patris
672 621 894 666 eorum
948 601 1238 686 Gregorii
1256 601 1279 644 ¹
1336 600 1710 684 spirituales
1762 599 1904 678 filii,
1959 600 2306 667 immundis
2358 598 2670 666 canibus2

418 688 785 770 impositum
848 687 972 752 sibi
1031 707 1291 751 censum
1375 687 1720 770 quotannis
1797 686 2114 751 solverent
2189 692 2257 752 et
2323 687 2668 752 maximam

419 774 601 855 regni
650 775 882 838 suimet
931 779 1209 855 partem,
1265 779 1450 856 capto
1502 793 1577 837 ac
1633 772 2013 854 interempto
2069 770 2458 851 habitatore,
2513 777 2669 836 tunc

418 859 593 923 hosti
634 857 1022 924 fiducialiter
1062 856 1549 923 inhabitandam
1603 857 1787 922 inviti
1838 857 2292 941 relinquerent.
2391 857 2672 923 Consen-

418 945 619 1009 tiente
663 945 783 1010 hoc
828 944 1105 1008 Domino
1152 949 1217 1009 et
1260 942 1343 1008 ob
1387 942 1800 1026 castigandas
1843 943 2246 1026 quorundam
2291 945 2528 1008 suimet
2573 944 2670 1008 in-

415 1029 740 1095 fidelium⁸
783 1029 1005 1114 culpas
1047 1029 1306 1094 hostesb
1349 1029 1677 1113 predictos
1722 1027 1805 1093 ad
1849 1028 1969 1095 hoc
2015 1029 2364 1114 instigante
2416 1035 2670 1093 tantum

417 1117 649 1181 insevit
702 1122 1100 1200 persecutor,
1161 1115 1273 1197 qui
1330 1135 1449 1180 nec
1508 1115 1643 1179 suis
1698 1135 1965 1198 parcere
2017 1125 2352 1197 umquam0
2411 1114 2666 1191 didicit;

416 1203 525 1266 ille
568 1201 832 1285 inquam
877 1207 1485 1282 supramemoratae,
1530 1220 1658 1265 non
1693 1206 1909 1266 rector
1943 1200 2056 1265 sed
2092 1199 2476 1278 destructor,
2523 1207 2672 1282 post
2716 1245 2720 1250 -

416 1294 691 1351 mortem
746 1288 953 1370 patris
1014 1287 1116 1351 sui
1178 1307 1217 1350 a
1274 1284 1778 1352 Northmannis‘l
1836 1284 2361 1370 insurgentibus3
2422 1291 2671 1368 captuS,

419 1393 563 1436 cum
590 1393 631 1436 a
667 1371 904 1456 populo
940 1371 1065 1436 sibi
1097 1379 1253 1437 tunc
1286 1370 1546 1438 subdito
1584 1392 1727 1436 cum
1763 1372 2008 1454 ingenti
2043 1371 2260 1453 precio
2296 1371 2668 1450 solveretur,

418 1457 572 1541 quia
616 1457 699 1524 ab
744 1458 999 1524 occulta
1042 1459 1467 1542 pessimorum
1507 1457 1962 1522 susurracione
1997 1479 2066 1522 se
2101 1457 2222 1522 ob⁰
2256 1456 2381 1522 hoc
2415 1477 2668 1522 servum

416 1543 736 1610 nominari
769 1545 1169 1627 comperiret,
1216 1543 1391 1625 quod
1434 1541 1782 1608 salubriter
1824 1543 1892 1608 in
1926 1543 2150 1626 paucis
2185 1542 2409 1607 ulcisci
2445 1542 2670 1624 potuit,

417 1628 540 1694 hoc
582 1630 937 1711 impaciens
981 1630 1301 1695 communi
1354 1628 1632 1712 dampno
1685 1635 1766 1704 et,
1835 1629 1890 1694 si
1934 1628 2242 1693 voluisset
2293 1631 2477 1707 scire,
2543 1626 2671 1692 sibi

416 1716 692 1780 maxime
752 1717 1007 1782 nocenti
1068 1716 1422 1781 meditatur
1472 1713 1818 1781 vindicare.
1936 1714 2332 1780 Potestatem
2392 1735 2669 1796 namque

418 1822 599 1866 suam
624 1800 918 1867 hostibus
946 1801 1269 1866 extraneis
1295 1806 1449 1864 tunc
1475 1799 1845 1882 relinquens
1873 1800 2284 1864 securitatem
2314 1801 2667 1883 vagatione,

140 1902 265 1952 *fot
287 1903 388 1946 158‘·
414 1907 631 1970 pacem
683 1886 917 1963 *bello,
968 1907 1233 1970 regnum
1288 1886 1505 1962 exili0‚
1560 1885 1768 1954 Deum
1823 1885 1986 1950 caeli
2037 1892 2103 1950 et
2153 1893 2366 1951 terrae
2411 1884 2670 1951 diabolo

416 1974 720 2038 mutavitf
775 1980 843 2038 et
890 1971 1192 2037 habitata
1243 1991 1535 2054 quaeque
1587 1970 1897 2035 vastando
1950 1971 2042 2036 sic
2103 1992 2171 2044 se
2228 1991 2486 2038 suorum
2541 1991 2669 2035 non

416 2059 786 2141 empticium
830 2079 1038 2142 neque
1081 2059 1395 2122 volentem
1431 2056 1784 2134 dominum,
1831 2055 1940 2122 sed
1988 2063 2410 2141 spontaneum
2446 2055 2671 2122 crebro

418 2163 486 2207 se
528 2145 797 2208 iactavit
840 2143 1169 2208 inimicum
1216 2143 1363 2222 late,
1408 2163 1523 2226 pro
1569 2142 1782 2208 dolor!
1837 2149 2231 2225 regnantem.

568 2254 693 2321 37.
748 2253 881 2321 Iste
908 2261 1126 2320 autem
1163 2275 1307 2320 cum
1343 2253 1573 2337 grandi
1606 2251 1828 2318 labore
1865 2255 1965 2318 sui
2001 2261 2065 2318 et
2095 2252 2668 2337 contemporalium

417 2341 589 2404 inter
641 2341 822 2424 piosg
877 2341 1152 2424 impiush
1210 2339 1323 2405 diu
1380 2345 1793 2404 conversatus
1860 2345 2153 2422 respectu
2219 2339 2432 2404 divino
2496 2359 2670 2404 mors

415 2426 760 2492 multorum
806 2433 1006 2492 morte
1060 2427 1251 2492 tarda
1294 2425 1692 2510 depremitur
1743 2432 1808 2491 et
1850 2423 2243 2510 fugientibus
2287 2445 2437 2488 mox
2482 2424 2672 2490 sociis

415 2511 655 2578 ibidem
721 2513 1026 2597 sepelitur
1038 2510 1089 2578 4.
1205 2511 1388 2589 Quod
1452 2533 1595 2575 cum
1661 2510 2034 2577 Aethelrad¹
2102 2532 2215 2577 rex
2276 2509 2664 2596 Anglorum⁵
2703 2528 2899 2596 (1014),

415 2599 619 2663 multo
692 2606 987 2683 tempore
1060 2598 1142 2663 ab
1204 2598 1431 2663 eodem
1500 2597 1760 2679 fugatus
1837 2617 1956 2680 pro
2027 2606 2202 2663 certo
2235 2638 2238 2643 -
2270 2596 2670 2680 comperiret,

414 2686 657 2768 gratias
701 2706 899 2768 agens
931 2685 1079 2749 Deo
1131 2685 1411 2766 patriam
1454 2682 1622 2748 letus
1665 2682 1889 2748 revisit
1941 2688 2006 2747 et
2048 2682 2332 2747 collectis
2366 2682 2432 2746 in
2469 2703 2671 2748 unum

416 2772 665 2835 cunctis
710 2770 1022 2836 militibus
1067 2771 1202 2835 suis
1244 2790 1475 2853 corpus
1518 2768 1851 2833 inimicum
1907 2770 2336 2833 exterminare
2379 2775 2670 2833 conatur.

414 2856 499 2919 Et
542 2861 616 2920 ut
659 2856 781 2921 hoc
826 2878 948 2922 non
994 2856 1195 2934 fieret,
1243 2854 1561 2940 quaedam
1606 2860 1902 2919 matrona
1944 2856 2124 2937 prius
2168 2875 2284 2939 per
2318 2853 2670 2919 familiares

418 2961 567 3005 suos
604 2944 952 3006 ammonita
987 2948 1309 3007 servatum
1336 2942 1567 3025 pignus
1607 2962 1648 3004 a
1681 2949 1859 3004 terra
1884 2939 2157 3015 elevans,
2195 2940 2317 3005 etsi
2351 2940 2670 3021 indigena,

414 3032 631 3091 tamen
689 3026 774 3091 ad
828 3029 1077 3110 patrias
1132 3028 1385 3110 navigio
1439 3027 1770 3091 direxerat
1827 3032 2065 3105 arctos,
2123 3024 2192 3090 id
2245 3030 2344 3091 est
2395 3032 2674 3108 septem-

415 3112 753 3177 trionalem
814 3114 1070 3195 plagam
1086 3112 1141 3191 ὃς
1214 3132 1379 3195 quae
1441 3112 1560 3179 hoc
1623 3133 1855 3178 nomen
1917 3111 1999 3177 ab
2061 3112 2338 3177 arcturis
2399 3110 2671 3189 duabus,

416 3197 534 3261 hoc
589 3204 687 3262 est
738 3197 821 3263 ab
874 3200 1045 3263 ursis
1100 3196 1453 3264 minoribus
1506 3204 1702 3281 atque
1756 3198 2107 3263 maioribus
2161 3197 2453 3274 sortitur,
2509 3217 2672 3281 quas

416 3302 681 3365 serpens
738 3306 932 3363 unuS,
991 3292 1065 3349 ut
1117 3284 1423 3367 astrologi
1484 3290 1809 3363 asserunt,
1877 3283 2236 3349 circumdat
2297 3288 2364 3347 et
2423 3282 2670 3349 dividit.

587 3394 747 3481 (27.)
818 3396 980 3460 Pars
1025 3403 1239 3461 terrae
1281 3394 1495 3459 illius*
1537 3401 1794 3459 tantum
1837 3394 2075 3478 frigida
2119 3400 2237 3473 est,
2281 3401 2595 3477 quantum
2631 3380 2682 3459 a*

415 3481 568 3546 solis
626 3482 837 3547 calore
894 3481 1133 3561 aliena,
1194 3488 1260 3547 et
1316 3485 1563 3545 mentes
1619 3481 1974 3546 incolarum
2032 3480 2325 3545 caritatis
2383 3481 2670 3563 geminae

416 3669 460 3720 a)
488 3670 534 3708 in
553 3680 717 3710 erasum
735 3672 775 3709 1.
867 3668 916 3721 b)
941 3670 1113 3709 hostem
1132 3671 1183 3720 B,
1212 3682 1319 3711 corr.
1338 3672 1387 3711 T.
1483 3670 1524 3719 c)
1552 3679 1789 3719 numquam
1809 3671 1864 3709 B.
1957 3668 2003 3721 d)
2027 3669 2314 3708 norhmannis
2333 3668 2374 3708 1.
2472 3666 2515 3719 e)
2541 3667 2597 3707 ab
2615 3669 2670 3707 Β.

415 3723 453 3771 s)
486 3724 700 3761 mutatum
718 3722 773 3761 B.
875 3722 922 3772 g)
949 3732 1030 3771 pos
1049 3726 1088 3761 1.
1202 3721 1251 3773 h)
1274 3722 1344 3761 hic
1359 3733 1440 3763 νοω
1455 3721 1594 3761 libere
1615 3724 1822 3771 &puncta
1839 3724 1876 3761 et
1890 3724 1982 3771 pont
2001 3732 2124 3760 erasa
2140 3722 2182 3761 1.
2287 3718 2322 3770 1)
2346 3719 2604 3761 aethelhrad
2619 3720 2672 3767 B,

416 3777 592 3813 alterum
617 3774 648 3813 h
675 3775 926 3822 &punctum
954 3775 991 3813 et
1011 3774 1107 3822 poet
1131 3784 1222 3813 cum
1242 3774 1388 3823 priore
1415 3783 1439 3813 e
1465 3784 1630 3813 eranum
1659 3776 1732 3814 eet.
1836 3770 1886 3822 k)
1914 3773 2008 3812 illis
2035 3774 2093 3822 B,
2119 3784 2147 3811 u
2175 3770 2278 3811 add.
2301 3772 2348 3811 T.

417 3911 469 3977 1)
507 3911 760 3980 Greqora·
782 3913 835 3965 Ι.
863 3926 1051 3979 papae
1078 3912 1371 3977 590—604‚
1406 3912 1504 3980 qui
1530 3912 1746 3979 primus
1781 3911 1989 3979 Anqlos
2025 3910 2102 3964 ad
2124 3910 2286 3975 fidem
2315 3908 2672 3963 christianam

418 3988 719 4035 convertere
755 3985 1019 4047 coeperat.
1176 3978 1227 4044 2)
1278 3981 1465 4035 Dama
1500 3987 1632 4035 tunc
1663 3981 1906 4034 nondum
1951 3980 2026 4033 ad
2063 3978 2513 4033 christianitatem
2548 3992 2670 4031 con-

416 4051 605 4104 versio.
741 4051 795 4115 3)
847 4049 1113 4103 Hem-icum
1150 4048 1371 4103 sveciae
1405 4066 1581 4117 regem
1618 4048 1824 4103 δυσωπῶ
1852 4064 2078 4115 reanum
2117 4061 2458 4114 expuqnasse
2492 4052 2542 4100 et
2568 4061 2674 4113 per

418 4118 499 4172 bis
545 4124 745 4185 septem
787 4134 963 4173 amos
999 4117 1364 4183 (987—1000)
1400 4120 1634 4173 tenuisse
1671 4119 1872 4172 Adam.
1897 4118 1988 4182 II,
2023 4120 2089 4172 32
2126 4115 2330 4181 tradit3
2382 4112 2458 4180 ef.
2491 4115 2671 4169 Dam-

417 4202 600 4253 mann,
632 4184 845 4242 ‘Gesch
871 4202 921 4240 v.
947 4186 1326 4241 Diinnemark’
1354 4188 1407 4253 I,
1436 4188 1659 4241 89-92.
1753 4187 1807 4251 4)
1846 4185 1988 4240 Sve‘n
2013 4184 2260 4251 reynavit
2283 4182 2594 4238 986-1014
2624 4189 2675 4238 et

417 4260 663 4310 mortuus
690 4261 771 4310 est
786 4256 847 4309 in
868 4256 1075 4323 Anqzia
1102 4254 1238 4310 1014
1264 4256 1427 4310 Febr.
1446 4256 1515 4321 2,·
1554 4255 1624 4321 cf.
1653 4256 1977 4309 Dahlmann
2003 4254 2038 4307 l.
2065 4270 2110 4307 c.
2136 4254 2343 4308 93—98
2358 4272 2376 4319 ,·
2412 4256 2670 4319 Lappen·

420 4322 563 4389 berq,
612 4323 822 4379 ‘Gesch
858 4340 909 4377 v.
946 4324 1226 4391 Enqland'
1264 4326 1304 4378 I
1302 4364 1317 4390 ‚
1367 4325 1485 4379 449.
1638 4325 1692 4387 5)
1743 4322 2029 4378 Aethelred
2066 4324 2152 4376 ΙΙ.
2201 4337 2296 4375 rex
2344 4321 2672 4376 978-1016,

420 4390 471 4455 6)
510 4390 640 4445 Scit.
675 4392 1044 4447 Roeskildiam
1080 4394 1141 4446 in
1176 4392 1456 4447 Selandia.
1508 4391 1579 4446 L.
1650 4391 1804 4460 Conf.
1842 4392 2166 4445 Dahlmann
2201 4392 2234 4445 l.
2263 4407 2306 4445 c.
2336 4392 2452 4447 101.
