3100 5050
273 576 422 633 1003.

251 3847 378 3897 Sept.
397 3847 436 3887 8.

461 415 562 469 128
1091 412 1494 469 THIETMARI
1531 411 1793 468 CHRON.
1862 413 2003 469 LIB.
2036 414 2101 469 V.

458 567 778 655 precedite
841 571 905 631 et
958 586 1076 632 nos
1129 587 1274 631 cum
1334 565 1599 631 familiis
1661 572 1727 631 et
1786 565 2301 649 possessionibus
2362 564 2715 631 *universis

459 655 949 723 subsecuturos*
1018 672 1148 717 non
1215 651 1546 720 dubitate.’
1670 652 1854 717 Talia
1913 657 2172 719 orantes
2241 673 2367 717 non
2441 652 2719 736 amplius

458 739 775 807 vexabant
846 738 1060 803 hostes
1131 744 1197 803 et
1257 738 1492 804 seniori
1555 758 1671 803 suo
1730 737 1880 802 hosb
1950 737 2296 804 adventare
2357 759 2475 823 pro
2539 743 2719 803 certo

457 824 873 892 nunciabant.
971 822 1095 888 Sed
1141 845 1286 889 cum
1330 823 1795 890 commilitones
1838 824 1925 890 ad
1969 824 2333 891 condictum
2378 844 2521 889 sero
2568 844 2718 889 con-

455 911 654 979 fluere
715 910 927 975 locum
991 909 1270 993 hosque⁰
1322 909 1496 975 domi
1558 908 1781 975 sedere
1849 911 1982 975 dux
2056 915 2371 989 cerneret,
2444 910 2719 975 multum

459 998 762 1064 irascitur
822 1002 887 1060 et
949 994 1364 1061 mendacibus
1433 995 1623 1060 sociis
1682 996 1959 1079 poenas‘1
2035 996 2341 1061 minatur.
2452 996 2720 1061 Postera

457 1086 619 1163 luce,
654 1090 798 1147 orto
835 1084 963 1147 iam
1001 1082 1152 1160 sole,
1189 1079 1390 1163 preda
1419 1081 1909 1147 innumerabilis
1951 1082 2348 1165 premittitur
2384 1089 2449 1146 et
2484 1102 2721 1162 magna

457 1192 608 1255 pars
667 1168 950 1233 hostium
1013 1166 1159 1232 Albi
1219 1167 1623 1249 inmergitur.
1736 1166 1993 1233 Caeteri
2053 1167 2317 1233 domum
2376 1167 2720 1233 redeuntes

459 1255 645 1322 inlesi
698 1253 994 1319 dividunt
1043 1251 1338 1335 predam,
1403 1252 1522 1318 deo
1570 1258 1669 1318 et0
1723 1253 1963 1318 seniori
2009 1274 2123 1319 suo
2183 1252 2459 1337 optimaf
2525 1274 2719 1337 quae-

460 1363 584 1427 que
629 1340 1052 1423 assignantes.
1141 1337 1288 1403 Non
1332 1336 1456 1402 fuit
1504 1340 1717 1404 minor
1752 1340 2150 1423 captivorum
2183 1359 2488 1404 numerus
2526 1360 2720 1423 quam

459 1430 589 1494 tria
634 1426 814 1490 milia
859 1431 940 1501 et,
987 1429 1061 1489 ut
1105 1431 1438 1505 presentes
1483 1423 1917 1501 affirmabant,
1962 1424 2164 1490 multo
2208 1424 2503 1510 amplius.

631 1515 734 1579 38.
773 1510 935 1597 (23.)
989 1510 1336 1587 Heinricus
1375 1507 1573 1597 [vero]
1604 1521 1855 1575 comesg
1886 1508 1977 1597 [se
2012 1511 2141 1575 iam
2171 1509 2525 1577 defecisseh
2557 1509 2721 1599 a]ni-

461 1598 863 1664 madvertens
933 1595 1018 1660 ad
1082 1594 1305 1661 urbem
1373 1596 1587 1661 Crana
1648 1596 1886 1661 dictam
1906 1596 1929 1641 ¹
1981 1604 2285 1682 properat
2351 1596 2570 1679 ibique
2624 1596 2721 1661 Si-

460 1683 721 1762 fridum,
774 1682 979 1746 filium
1025 1682 1280 1747 comitis
1327 1680 1665 1765 Sigifridi²
1708 1684 2019 1759 iuvenem,
2072 1682 2317 1747 auxilio
2374 1703 2441 1748 se
2494 1703 2719 1767 expec-

460 1777 710 1835 tantem
792 1767 1024 1833 collato
1094 1768 1421 1833 inveniens
1491 1788 1613 1833 nec
1682 1767 1808 1833 sibi
1886 1789 2093 1851 neque
2161 1767 2313 1832 huic
2381 1767 2583 1833 ullam
2653 1769 2719 1833 in

460 1856 806 1922 rebellione
852 1875 1029 1937 spem
1073 1854 1140 1917 in
1183 1852 1286 1918 his
1331 1853 1624 1936 partibus
1667 1854 1981 1939 promisit.
2090 1851 2377 1919 Tandem
2426 1874 2574 1919 cum
2618 1855 2722 1919 eo¹

461 1941 669 2006 multa
713 1941 964 2005 locutus
1017 1939 1286 2005 eandem
1339 1938 1627 2004 incendit
1691 1960 1887 2023 seque
1938 1937 2023 2003 ad
2067 1939 2366 2005 Boemiae
2418 1944 2575 2005 tunc
2625 1940 2721 2004 in-

463 2048 750 2093 vasorem
794 2024 1188 2091 Bolizlavum
1234 2047 1379 2090 cum
1424 2024 1659 2091 domno
1707 2025 2005 2091 Brunone
2052 2024 2456 2109 residuisque
2508 2025 2722 2091 fauto-

461 2112 642 2179 ribus
679 2111 1050 2179 concessitk.
1125 2110 1402 2177 Sifridus
1429 2132 1578 2177 vero
1624 2131 1736 2193 spe
1771 2111 1987 2194 palam
2030 2110 2371 2177 resistendi
2407 2111 2724 2177 frustrata

461 2219 590 2265 non
651 2219 762 2263 eos
823 2198 1196 2276 comitatur,
1269 2201 1369 2261 set
1437 2195 1516 2261 de
1590 2196 1811 2262 futura
1882 2198 2201 2262 commissi
2272 2196 2722 2262 emendatione

460 2293 677 2352 certus
725 2283 1092 2349 revertitur.
1192 2283 1331 2347 Rex
1383 2289 1600 2348 autem
1643 2281 1725 2347 ad
1775 2282 2051 2348 Cranam
2098 2282 2347 2348 hostem
2394 2284 2723 2349 insecutus

463 2372 842 2454 fugientem,
896 2368 1123 2434 lenivit
1165 2370 1233 2433 in
1275 2369 1398 2434 hoc
1443 2369 1678 2433 suimet
1720 2369 2033 2446 animum,
2088 2367 2262 2452 quod
2315 2368 2603 2451 ag*novit
2654 2389 2722 2434 se

463 2457 790 2522 inimicum
825 2456 894 2520 in
927 2454 1340 2520 destruendis
1375 2475 1860 2539 preoccupasse.
1938 2454 2119 2518 Misit
2147 2460 2300 2519 tunc
2328 2454 2721 2535 Heinricum‚

462 2542 1061 2626 wirciburgiensis¹
1138 2542 1536 2626 episcopum,
1636 2547 1701 2607 et
1776 2540 2295 2616 Erkanbaldum,
2384 2541 2721 2607 Fuldensis

464 2628 754 2694 coenobii
797 2626 1172 2706 abbatem-⁹³,
1230 2636 1300 2692 ut
1347 2626 1689 2692 Suinvordi
1735 2625 2117 2692 castellum4
2168 2625 2582 2692 incenderent
2624 2635 2723 2693 at-

463 2736 587 2798 que
649 2715 1001 2780 diruerent.
1109 2713 1284 2791 Quos
1344 2714 1775 2792 adventantes
1831 2711 2120 2778 Heinrici
2183 2713 2433 2778 comitis
2497 2713 2724 2779 inclita

463 2807 689 2882 mater,
734 2799 884 2864 Eila
927 2800 1182 2865 nomine
1198 2799 1242 2878 ⁵,
1289 2806 1363 2864 ut
1405 2799 1647 2865 talibus
1692 2798 1964 2864 decebat
2006 2799 2315 2884 personis,
2368 2800 2725 2884 suscipiens

463 2893 530 2952 et
573 2888 889 2964 salutans,
950 2892 1022 2950 ut
1063 2892 1366 2969 precepta
1409 2885 1728 2950 intellexit
1778 2884 2048 2968 regalia,
2106 2884 2525 2966 perturbatur
2577 2905 2725 2950 con-

463 2975 722 3057 citoque
784 2991 978 3036 cursu
1039 2970 1124 3035 ad
1185 2971 1528 3036 aeclesiam
1600 2992 1953 3055 properans
2022 2970 2260 3035 ibidem
2334 2971 2503 3054 ignis
2575 2991 2725 3036 con·
2782 3005 2791 3015 -

463 3058 923 3124 cremationem
991 3059 1172 3140 prius
1242 3057 1589 3135 sustinere,
1662 3077 1857 3140 quam
1927 3055 2051 3121 hac
2111 3056 2522 3122 comburente
2581 3058 2726 3123 viva

464 3145 655 3210 vellet
716 3144 918 3222 exire,
999 3148 1294 3211 testatur.
1421 3141 1607 3207 Unde
1669 3142 1952 3208 seniores
2026 3142 2267 3224 prefati
2338 3142 2419 3207 ob
2482 3142 2727 3208 Christi

463 3240 802 3296 amoremm
847 3227 1169 3294 seculares
1213 3227 1653 3312 postponendo
1700 3229 1967 3293 timores
2011 3228 2335 3293 decretam
2387 3229 2728 3294 mutabant

466 3317 875 3393 sententiam3
922 3334 1267 3397 murosque
1313 3313 1492 3378 urbis
1536 3335 1616 3379 ac
1654 3313 1943 3379 aedifitia
1992 3313 2316 3380 solotenus
2359 3314 2725 3398 frangentes

464 3403 717 3468 tristem
761 3406 1123 3466 matronam
1165 3399 1268 3464 his
1320 3399 1691 3464 mulcebant
1742 3399 2104 3481 promissiS‚
2160 3401 2217 3465 si
2268 3400 2527 3484 quando
2582 3421 2723 3466 cum

467 3487 676 3572 gratia
720 3487 890 3570 regis
934 3485 1002 3551 id
1047 3485 1188 3551 fieri
1238 3486 1583 3570 potuisset,
1646 3486 1762 3550 hoc
1816 3485 2058 3551 *totum
2121 3507 2199 3550 ex
2252 3507 2371 3551 sua
2418 3492 2605 3571 parte
2660 3507 2727 3552 sc

465 3580 905 3639 renovaturos·

637 3660 774 3723 Rex
819 3665 1034 3724 autem
1079 3658 1420 3724 devastata
1463 3657 1640 3723 omni
1686 3657 1934 3721 comitis
1986 3657 2422 3741 proprietaten
2475 3665 2540 3722 et
2580 3677 2727 3722 cum

468 3743 774 3811 beneficio
827 3745 958 3810 late
1011 3742 1216 3809 divisa
1269 3743 1353 3808 ad
1396 3740 1769 3825 Bavanberg
1793 3735 1976 3807 'venit
2016 3742 2234 3826 ibique
2277 3743 2568 3808 exercitu
2612 3763 2727 3808 suo

468 3832 640 3898 bona
692 3852 836 3897 cum
890 3851 1048 3915 pace
1091 3829 1357 3894 dimisso
1420 3829 1823 3894 nativitatem
1870 3828 1992 3894 Dei
2037 3829 2368 3913 genitricis
2429 3829 2727 3912 sollemp-

475 3985 520 4038 ι)
549 3987 884 4036 subsequsturos
900 3985 954 4024 A.
1059 3985 1110 4035 b)
1135 3985 1220 4024 has
1237 3985 1289 4024 A.
1406 3983 1447 4033 c)
1475 3985 1646 4033 hasque
1665 3986 1705 4023 1.
1818 3982 1863 4033 d)
1886 3993 1911 4022 o
1931 3995 1959 4023 a
1978 3985 2018 4024 Τ
2039 3983 2231 4024 additum
2250 3987 2396 4034 postea
2418 3995 2583 4024 erasum
2602 3985 2661 4022 est
2684 3985 2725 4022 1.

472 4041 512 4087 e)
540 4038 619 4079 deo
645 4044 690 4078 et
716 4049 884 4077 erasum
909 4039 950 4076 1.
1054 4036 1092 4087 f)
1118 4037 1278 4086 optimo
1305 4036 1466 4085 optimo
1492 4035 1546 4076 A.
1660 4035 1706 4082 g)
1731 4035 1827 4074 coffi
1854 4037 1895 4075 1.
2007 4035 2055 4085 h)
2084 4045 2133 4074 se
2158 4036 2246 4075 lam
2272 4035 2489 4076 defecisse
2514 4045 2543 4074 a
2568 4037 2615 4075 in
2640 4037 2729 4075 loco

469 4101 566 4130 raso
594 4091 641 4128 T.
758 4087 793 4140 1)
821 4099 874 4128 ea
897 4088 950 4128 A.
1063 4088 1114 4140 k)
1149 4089 1340 4128 occessit
1366 4091 1404 4130 1.
1517 4087 1552 4138 1)
1587 4089 1751 4126 tertium
1776 4087 1794 4126 1
1820 4098 1983 4126 erasum
2009 4090 2057 4139 1,
2094 4091 2141 4127 ut
2158 4089 2405 4139 plerumque
2430 4089 2477 4127 in
2503 4087 2571 4126 his
2596 4086 2729 4131 nomi·-

467 4142 614 4181 m'bue.
718 4140 780 4190 m)
808 4151 954 4180 amore
979 4143 1019 4180 1.
1125 4139 1172 4191 n)
1198 4141 1439 4190 propietate
1467 4141 1506 4179 1.

475 4246 526 4311 1)
565 4245 834 4300 Kronach
867 4244 1146 4312 oppidum.
1285 4241 1338 4309 2)
1377 4242 1822 4309 Nordhemeneis,
1866 4249 1929 4296 ut
1961 4243 2192 4298 videtur.
2328 4241 2383 4308 3)
2423 4242 2548 4309 Qui,
2577 4247 2729 4310 post-

473 4330 636 4382 quam
673 4313 929 4368 abbatiae
973 4312 1058 4366 ills·
1087 4329 1139 4367 a.
1175 4313 1496 4367 968—1011
1572 4311 1779 4376 raefait
1792 4351 1805 4375 ,
1853 4311 2121 4380 Williqt‘so
2164 4313 2224 4364 in
2258 4311 2731 4380 archiepiscopatu

473 4383 802 4506 ἔιῗὲἷὶητίηο
838 4381 1101 4436 successit
1135 4379 1192 4446 (†
1219 4380 1392 4446 1021).
1504 4327 1571 4446 45⁹
1597 4379 1977 4446 Schweinfun.
2090 4378 2145 4443 5)
2182 4381 2270 4434 De
2304 4396 2415 4449 qua
2452 4378 2521 4447 cf.
2558 4394 2731 4446 supra

2742 586 2766 611 ¹·
2784 588 2869 638 soz.
2888 586 2956 627 92.

2750 2384 2773 2407 '⁴‘
2791 2386 2879 2435 fol.
2900 2388 2983 2428 92⁴.

2754 3501 2776 3526 ¹*
2798 3516 2849 3554 p.
2870 3505 2970 3545 809..
3094 3419 3097 3638 Ι
