3100 5050
441 417 569 470 XVI
1129 413 1537 468 THIETMARI
1574 411 2010 469 CHRONICON.

442 571 656 635 ‘nimis
699 570 1048 634 arbitrario
1082 569 1264 633 modo
1307 569 1658 632 immutavit
1700 578 1756 631 et
1789 567 2093 634 recensuit
2132 569 2339 652 potius
2373 591 2557 653 quam
2600 569 2704 632 de-

443 672 737 758 scripsit'.
827 673 920 734 Ac
963 672 1022 736 si
1063 671 1256 736 codex
1291 671 1667 735 Dresdensis
1710 672 1966 756 ‘inteqer
2000 670 2176 735 nobis
2218 681 2367 736 esset
2409 681 2707 746 servatus,

443 776 577 840 alio
612 797 878 860 prorsus
921 797 1044 838 non
1087 774 1448 860 eqeremus’:
1492 797 1567 838 ea
1610 774 1811 858 iqitur
1854 784 2113 852 tantum,
2168 795 2324 857 quae
2367 772 2709 836 Dresdensi

443 879 690 956 desunt,
745 901 774 942 e
833 877 1239 942 Bruaeellensi
1298 875 1613 962 Lappenb.
1676 879 1940 960 sumpsit
2005 886 2257 962 praeter
2317 875 2703 939 collationem

449 982 750 1046 Leibnitii
804 983 874 1045 in
933 981 1292 1046 bibliotheca
1348 980 1528 1066 reqia
1576 979 2045 1044 Hannoverana
2101 990 2409 1044 servatam
2464 1001 2623 1042 nova
2667 1001 2708 1040 a

446 1085 840 1148 Betkmanno
865 1083 1055 1169 facta
1091 1105 1255 1150 usus.
1352 1081 1593 1156 Quibus
1627 1104 1737 1167 eqo
1772 1082 1936 1144 nihil
1978 1083 2202 1162 adieci,
2248 1083 2379 1147 nisi
2412 1105 2506 1161 ea,
2552 1104 2709 1166 quae

464 1187 664 1252 Waitz
709 1186 826 1253 SS.
871 1185 978 1266 VI,
1018 1209 1082 1271 p.
1121 1185 1248 1251 543
1293 1185 1671 1271 corriqenda
1712 1207 1838 1249 esse
1885 1185 2134 1248 monuit.

616 1306 724 1369 Ex
777 1304 1150 1369 editionibus
1207 1304 1695 1389 antiquioribus,
1753 1326 1909 1388 quas
1951 1303 2270 1388 Lappenb.
2330 1306 2400 1368 in
2443 1302 2711 1389 praefa-

445 1412 607 1474 tione
653 1413 744 1494 (p.
785 1408 943 1490 732)
990 1429 1198 1471 omnes
1241 1408 1500 1487 eaehibet,
1543 1409 1655 1470 hoc
1698 1407 1829 1470 loco
1863 1429 2055 1470 unam
2096 1407 2257 1469 hanc
2300 1406 2528 1493 afferre
2571 1405 2711 1490 suf-

427 1513 643 1597 ficiat:
688 1511 1038 1574 ‘Ditlzmari
1085 1509 1430 1576 Chronicon
1475 1510 1562 1572 ad
1594 1509 1787 1592 fldem
1832 1508 2063 1572 codicis
2097 1508 2471 1572 Dresdensis
2514 1509 2714 1572 denuo

445 1614 774 1692 recensuit,
831 1611 1078 1692 Ursini,
1135 1611 1573 1697 Kinderlinqii
1614 1622 1671 1676 et
1732 1610 2122 1691 Wedekindi,
2178 1611 2415 1693 passim
2468 1621 2525 1674 et
2567 1634 2714 1674 suas

447 1716 681 1780 adiecit
715 1725 896 1779 notas
930 1716 984 1777 I.
1030 1715 1107 1781 A.
1153 1715 1443 1800 Waqner,
1482 1713 1766 1778 Norimb.
1804 1737 1865 1779 a.
1910 1715 2092 1780 1807.
2137 1713 2221 1778 4.‘
2316 1712 2711 1798 Quamquam

446 1820 610 1882 enim
657 1817 883 1881 ‘codice
917 1817 1264 1881 Dresdensi
1297 1817 1673 1904 neqliqenter
1718 1816 1987 1898 tantum’,
2036 1826 2100 1878 ut
2144 1817 2238 1880 ait
2276 1815 2503 1901 Lapp„
2548 1818 2716 1880 ‘usus

446 1931 534 1986 est
589 1919 829 2001 editor'‚
889 1931 1091 1984 tamen
1151 1921 1606 1984 ‘adnotationes
1661 1919 1853 1982 bonae
1895 1918 2124 2004 fruyis
2167 1929 2306 1983 sunt
2354 1919 2628 2004 plenae',·
2684 1941 2715 1982 e

449 2023 668 2108 quibus
713 2044 822 2087 nos
867 2044 1098 2107 quoque
1141 2045 1380 2108 paucas
1425 2023 1824 2086 servavimus.

619 2143 840 2206 Postea
885 2141 1394 2227 Lappenberqius
1449 2142 1775 2207 collatione
1832 2142 2062 2206 codicis
2105 2142 2481 2206 Dresdensis
2536 2166 2578 2206 a
2621 2143 2713 2210 M.

451 2245 734 2330 Hauptio
763 2245 954 2330 facta
1000 2256 1056 2309 et
1091 2244 1353 2324 Pertzii,
1398 2245 1794 2320 Bethmanni‚
1838 2244 2101 2307 Waitzii
2144 2247 2313 2308 curis
2355 2255 2539 2308 aucta
2578 2268 2718 2308 usus

449 2348 776 2412 editionem
837 2347 1126 2432 praebuit
1185 2348 1500 2433 eqreqiam
1564 2345 1713 2431 (SS.
1761 2347 1902 2426 III,
1955 2370 2025 2431 p.
2066 2347 2493 2429 723—871);
2558 2368 2716 2430 quae

445 2452 659 2537 prima
705 2451 979 2537 qenuina
1031 2449 1376 2514 Tkietmari
1426 2450 1609 2514 verba
1662 2451 2131 2514 accuratissime
2182 2449 2505 2514 exhiberet.
2594 2449 2717 2513 Ne-

451 2577 563 2639 que
607 2565 812 2619 tamen
856 2556 1179 2641 quisquam
1233 2577 1444 2618 eorum
1495 2577 1794 2619 manuum
1837 2554 2294 2618 distinctionem
2336 2554 2494 2618 satis
2536 2576 2717 2616 cura-

451 2659 556 2740 vit,
603 2680 758 2742 quae
795 2669 1092 2742 quantum
1127 2658 1214 2720 ad
1250 2668 1488 2743 tempus
1521 2668 1580 2721 et
1613 2658 1893 2721 ordinem
1937 2656 2061 2719 orti
2093 2657 2301 2740 operis
2334 2656 2718 2742 eaeplicanda

452 2760 731 2844 adferat,
774 2783 886 2847 eqo
928 2761 1377 2825 demonstrasse
1422 2761 1583 2824 mihi
1624 2761 1838 2824 videor
1858 2761 1896 2824 ¹.

626 2898 797 2961 Inter
843 2897 1147 2961 versiones
1190 2898 1538 2961 thiudiscas
1584 2899 1967 2983 antiquiores
2018 2898 2317 2959 mentione
2364 2897 2717 2959 etiamnunc

453 3002 654 3086 diyna
707 3010 793 3063 est
845 3022 948 3078 ea,
1002 3022 1189 3083 quam
1251 3002 1299 3068 I.
1344 3000 1423 3067 F.
1481 3000 1745 3064 Ursinus
1789 2998 2073 3062 Dresdae
2118 3022 2179 3065 a.
2222 2996 2406 3062 1790.
2456 2998 2513 3061 8.
2562 3020 2717 3061 com-

452 3105 759 3167 mentario
825 3104 901 3166 de
971 3094 1134 3167 vita'
1173 3114 1354 3187 atque
1426 3125 1605 3187 opere
1683 3100 2033 3164 Thietmari
2101 3099 2719 3185 adnotationibusque

453 3206 629 3270 bonis
672 3205 914 3269 additis
948 3229 1025 3269 eoe
1060 3206 1266 3269 codice
1301 3205 1648 3269 Dresdensi
1677 3203 1861 3287 fecit,
1905 3204 2131 3288 quippe
2166 3225 2324 3287 quae
2359 3213 2415 3267 et
2457 3204 2722 3267 editioni

473 3308 928 3393 Waynerianae
965 3317 1022 3371 et
1054 3308 1436 3371 versionibus
1475 3305 1922 3392 posterioribus
1952 3304 2444 3389 fundamentum
2486 3306 2715 3369 iecerit.

453 3411 600 3474 Post
657 3411 816 3473 hunc
858 3433 936 3475 ecc
979 3411 1245 3474 editione
1291 3409 1757 3495 Lappenberqii
1799 3406 1864 3473 J.
1914 3406 1979 3473 C.
2024 3406 2112 3470 M.
2160 3406 2439 3471 Laurent
2488 3410 2558 3471 in
2604 3406 2719 3468 col—

457 3514 711 3577 lectione
763 3514 1137 3599 scriptorum
1194 3513 1594 3596 antiquitatis
1649 3510 2044 3595 qen-manicae
2087 3510 2298 3577 Berol.
2350 3510 2532 3576 1848.
2592 3530 2721 3571 ver-

456 3616 689 3679 sionem
733 3616 1014 3679 eoehibuit
1063 3638 1183 3700 pro
1226 3613 1599 3697 difficultate
1646 3614 1852 3697 operis
1905 3613 2153 3677 omnino
2196 3613 2436 3677 bonam.
2534 3612 2725 3676 Cuius

455 3718 784 3783 editionem
829 3718 1095 3782 alteram
1139 3718 1409 3779 instituit
1443 3714 1506 3777 J.
1551 3715 1886 3778 Sto-ebitzki
1932 3714 2106 3800 Lips.
2154 3717 2336 3797 1879,
2382 3716 2489 3801 qui
2528 3716 2723 3779 multa

457 3821 758 3900 correoeit,
816 3820 1152 3884 nonnullas
1212 3818 1399 3881 etiam
1462 3818 1891 3882 adnotationes
1951 3842 2089 3882 cum
2143 3819 2461 3883 nominum
2519 3820 2725 3881 indice

456 3923 706 4004 adiecit,
751 3923 1037 4007 plurima
1079 3932 1285 3985 tame-n
1329 3922 1555 3983 menda
1598 3921 1733 4005 ipse
1777 3943 2011 4005 quoque
2054 3920 2329 4003 reliquit.

631 4043 890 4120 Nostra,
927 4052 992 4103 ut
1033 4039 1514 4124 Lappenberqii,
1560 4039 1651 4102 ‘in
1688 4039 1747 4101 T
1746 4040 2042 4105 hietmari
2078 4061 2256 4124 opere
2290 4038 2522 4101 edendo
2558 4038 2724 4100 ratio

460 4146 607 4208 haec
635 4142 799 4226 fuit,
841 4154 910 4205 ut
955 4144 1042 4206 ad
1087 4142 1358 4205 litteram
1394 4143 1879 4225 exprimeremus
1914 4142 2147 4205 codicis
2182 4139 2562 4222 autoy-raphi
2600 4148 2725 4201 tex·-

460 4257 587 4310 tum
621 4270 778 4325 eum,
815 4268 991 4331 quem
1039 4243 1598 4330 Thietmarusw‘pse
1634 4248 1804 4310 curis
1837 4244 2119 4309 secundis
2156 4239 2505 4308 constituit'.
2583 4238 2727 4313 Qua

463 4437 515 4502 1)
553 4434 758 4491 ‘Neues
793 4435 1017 4489 Archiv’
1058 4436 1227 4501 XIV,
1264 4436 1298 4488 l.
1329 4452 1374 4488 c.
