3100 5050
432 409 501 465 44
1047 410 1454 466 THIETMARI
1491 409 1752 467 CHRON.
1822 412 1961 467 LIB.
1996 412 2073 467 ΙΙ.

239 574 398 640 (954).
433 562 895 647 burgiensem⁸·
919 565 942 610 ¹
997 566 1285 650 precepit
1341 566 1647 632 excecari.
1762 565 2006 633 Causas
2064 569 2452 653 preponereb
2517 567 2685 646 nolO,

435 649 588 733 quia
631 649 716 714 ad
760 649 921 715 haec
963 651 1385 735 promerenda
1429 673 1554 718 non
1600 673 1739 719 esse
1784 652 2050 718 idoneas
2104 653 2171 718 in
2219 653 2491 719 veritate
2536 654 2685 722 scio.

242 747 403 814 (955).
441 735 506 800 Is
549 757 692 801 cum
748 735 814 800 in
880 735 1004 801 fine
1059 758 1176 803 suo
1233 759 1272 802 a
1318 737 1691 818 Michaele0,
1752 739 2203 804 Ratisbonensi
2256 741 2555 824 episcopo
2609 739 2687 805 de

432 821 549 887 tali
585 824 923 888 commisso
961 824 1425 900 amonereturfl,
1471 845 1540 890 se
1578 825 1645 888 in
1682 824 1884 907 priori
1918 837 2253 910 peccasse⁶
2281 825 2485 890 solum
2523 825 2687 890 fate-

434 914 544 972 tur
587 915 654 972 et
699 909 768 973 in
813 909 1247 991 archipresule
1285 909 1509 994 nichi13
1557 910 1880 992 ignorans,
1927 933 2119 995 quam
2155 910 2397 997 parva²
2432 933 2534 977 res
2571 917 2686 990 est,

433 995 499 1058 in
553 1014 683 1078 qua
734 993 1082 1077 flagitiumf
1129 996 1327 1062 deest.
1426 995 1611 1062 Unde
1659 997 1850 1062 Davit
1902 999 2171 1081 supplex
2223 998 2533 1081 loquitur:
2588 997 2687 1062 Ab

127 1079 688 1148 1»..1m.1s‚1s.occultis
730 1082 882 1146 ‘meis
915 1083 1150 1146 munda
1199 1105 1312 1162 me,
1355 1081 1661 1148 Domine!
1742 1083 1950 1147 Huius
1996 1083 2326 1164 *coniunx,
2372 1084 2686 1150 Iuthitta⁸
2712 1100 2837 1152 *soh
2862 1101 2978 1142 ³111·

434 1167 686 1232 nomine
700 1165 756 1246 3,
820 1188 965 1232 cum
1019 1188 1281 1251 presens
1335 1167 1617 1248 adesset,
1695 1168 1861 1234 hanc
1922 1169 2389 1236 confessionem
2444 1169 2691 1236 audivit

434 1258 499 1318 et
549 1274 698 1318 mox
743 1253 879 1318 viro
931 1254 1165 1318 suimet
1214 1254 1552 1334 moriente,
1608 1274 1841 1338 corpus
1895 1255 2179 1320 eiusdem
2233 1257 2300 1321 in
2354 1256 2684 1335 aecclesia,

435 1359 627 1424 quam
670 1339 810 1422 ipse
854 1339 921 1403 in
967 1339 1272 1405 honorem
1325 1346 1589 1406 sanctae
1634 1341 1880 1406 Mariae
1934 1362 2182 1426 semper
2222 1343 2487 1426 virginis
2541 1363 2686 1408 con-

435 1423 776 1504 strucxiffl,
841 1446 985 1491 cum
1048 1447 1276 1509 magno
1339 1447 1589 1492 merore
1651 1426 1969 1511 deposuit,
2034 1433 2099 1492 et
2158 1428 2226 1492 in
2289 1449 2685 1514 quocumque

435 1512 712 1576 animam
759 1510 898 1576 eius
941 1532 1246 1596 umquam
1292 1512 1639 1596 deliquisse
1684 1513 1827 1597 ipsa
1862 1512 2048 1578 scivit
2080 1512 2179 1577 vel
2213 1512 2294 1578 ab
2332 1514 2478 1580 aliis
2516 1535 2687 1580 com-

433 1598 620 1682 perit,
666 1597 950 1662 lacrimis
995 1619 1072 1663 ac
1114 1596 1548 1663 ineffabilibus
1596 1598 1957 1664 emendavit
1998 1598 2413 1686 elemosinis]

604 1685 709 1750 41.
777 1683 980 1768 [Haec
1025 1684 1091 1748 in
1136 1684 1448 1750 viduitate
1496 1706 1617 1749 sua
1662 1685 2061 1750 continenter
2106 1685 2317 1750 vivens
2371 1707 2513 1750 cum
2560 1686 2689 1751 Ha-

434 1768 770 1847 brahmh,
833 1770 1303 1853 Frisingensem
1361 1771 1727 1856 episcopum
1744 1772 1800 1850 ⁵,
1862 1791 1977 1853 pre
2040 1771 2311 1836 caeteris
2373 1771 2686 1854 diligeret,

434 1855 646 1920 invido
682 1855 931 1938 vulgari
969 1855 1157 1922 dente
1184 1856 1528 1922 admodum
1558 1856 1969 1940 inculpabilis
1995 1855 2446 1922 dilaniebatur.
2512 1857 2689 1935 Quae

435 1963 579 2008 cum
625 1940 705 2006 de
751 1942 873 2008 hac
912 1941 1055 2008 luce
1090 1943 1412 2026 migraret,
1459 1942 1526 2007 in
1563 1943 1666 2008 die
1702 1943 2121 2028 depositionis
2158 1964 2313 2008 suae
2348 1943 2433 2008 ab
2468 1943 2690 2008 eodem

435 2027 725 2095 antistite
762 2034 1019 2094 missam
1058 2036 1357 2094 cantante
1394 2030 1487 2094 sic
1521 2036 1929 2113 expurgatur.
1995 2031 2158 2094 Ante
2186 2029 2691 2094 communionem

434 2116 490 2179 is
551 2134 770 2180 versus
832 2115 914 2178 ad
977 2115 1307 2199 populum,
1369 2136 1536 2199 quae
1598 2116 1832 2180 merita
1893 2117 2033 2180 eius
2094 2115 2358 2194 fuerint,
2423 2116 2691 2181 circum-

435 2200 761 2267 stantibus
804 2200 1069 2266 indixit:
1126 2201 1324 2279 ‘Hoc’,
1374 2201 1690 2284 inquiens,
1748 2200 2121 2280 ‘delictum¹,
2182 2222 2311 2284 quo
2356 2200 2693 2267 diffamata

433 2287 578 2367 fuit,
624 2288 678 2352 si
713 2287 831 2352 hec
868 2287 1214 2370 umquamlt
1250 2288 1591 2367 commisit,
1640 2287 1838 2353 faciat
1880 2289 2283 2371 omnipotens
2321 2287 2511 2352 Pater
2546 2287 2694 2353 Filii

436 2375 669 2439 suimet
727 2375 1015 2458 corporis
1075 2381 1140 2438 et
1197 2374 1528 2457 sanguinis
1588 2374 1870 2440 salutare
1928 2373 2281 2438 remedium
2340 2374 2496 2438 mihi
2548 2394 2692 2457 pro-

433 2461 648 2525 venire
693 2460 779 2524 ad
828 2459 1136 2524 iudicium
1195 2465 1259 2524 et
1303 2459 1384 2525 ad
1428 2459 1737 2525 debitam¹
1791 2460 2363 2544 dampnationem¹¹²
2414 2459 2695 2524 animae-

436 2568 560 2631 que
614 2546 752 2611 eius
804 2547 888 2613 ad
941 2554 1317 2629 perpet-uam
1371 2547 1828 2612 salvationem.'
1929 2548 2013 2612 Et
2065 2553 2220 2612 tunc
2271 2568 2417 2611 cum
2461 2547 2693 2612 mentis

437 2655 513 2698 ac
558 2635 843 2715 corporis
888 2634 1252 2698 innocentia
1306 2634 1583 2717 sumpsit·
1630 2632 1888 2697 unicum
1942 2634 2196 2698 cunctis
2246 2632 2543 2698 fidelibus
2596 2654 2695 2697 re-

436 2719 735 2784 medium.
820 2718 1112 2783 Credidit
1145 2719 1436 2802 populus,
1474 2720 1763 2803 quamvis
1800 2740 1965 2797 sero,
2012 2725 2077 2783 et
2112 2740 2257 2783 cum
2294 2718 2696 2784 detraccione

437 2806 676 2871 iniusta
722 2803 868 2888 plus
915 2805 970 2869 ei
1017 2806 1281 2888 profuit,
1329 2826 1472 2869 cum
1517 2825 1749 2869 nocere
1794 2805 2161 2891 studuerit]

605 2893 708 2958 42.
757 2890 916 2990 (26.)
978 2890 1186 2976 [*Fuit
1230 2892 1295 2956 in
1334 2890 1559 2956 diebus
1594 2891 1871 2975 predicti
1899 2891 2137 2956 cesaris
2167 2889 2426 2974 quidam
2460 2911 2691 2966 comeS,
2721 2908 2845 2959 *fd-
2867 2907 2988 2948 81⁶¹·

436 2977 577 3045 Hed
623 2998 904 3054 nomine,
959 2978 1070 3060 qui
1118 2977 1493 3043 aecclesiam
1531 2978 1597 3042 in
1642 2977 1883 3043 honore
1931 2976 2170 3042 Christi
2224 2977 2476 3042 adletae
2515 2977 2694 3042 Viti*

437 3066 501 3128 in
540 3061 890 3146 Heslinge⁶
926 3068 1376 3141 constructam,
1424 3065 1579 3147 qnia
1614 3062 1908 3128 heredem
1956 3084 2085 3128 non
2122 3061 2367 3143 habuit,
2415 3064 2696 3128 maxima

435 3151 636 3216 totius
672 3150 1086 3233 proprietatis
1123 3170 1278 3214 suae
1310 3155 1497 3233 parte
1534 3149 1780 3215 dotavit
1815 3156 1895 3227 et,
1934 3150 2431 3232 congregatione
2462 3153 2695 3214 sancti-

435 3235 807 3301 monialium
877 3234 1116 3299 ibidem
1187 3235 1389 3315 facta,
1467 3236 1736 3300 eandem
1818 3236 2155 3301 abbaciam
2236 3235 2692 3300 mundiburdio

436 3321 805 3404 Etheldagi,
885 3322 1246 3386 Bremensis
1326 3321 1862 3405 archiepiscopi7,
1952 3321 2227 3387 subditn.
2364 3321 2488 3387 Sed
2550 3342 2693 3402 pre-

439 3410 680 3493 positae
718 3407 868 3473 huio
903 3406 1040 3472 sedi
1075 3408 1362 3490 geminae
1401 3407 1795 3473 venerabiles
1831 3413 2187 3486 matronae,
2231 3406 2461 3491 quibus
2497 3427 2692 3471 unum

439 3502 581 3561 erat
624 3493 1003 3560 vocabulum
1042 3493 1473 3579 Winnilgerd⁰
1510 3494 1773 3568 dictum,
1820 3494 1965 3573 cito,
2011 3505 2169 3577 prov
2204 3493 2407 3559 dolor!
2456 3492 2692 3560 obiere.

551 3651 608 3715 *)
646 3651 926 3719 Septennis
962 3650 1132 3719 pueri,
1170 3650 1260 3720 qui
1296 3650 1352 3705 in
1387 3667 1524 3706 nova
1558 3648 1786 3704 Corbeia
1818 3650 2105 3719 requiescit
2141 3651 2269 3705 add.
2303 3654 2358 3704 2.

439 3790 485 3840 ι)
513 3790 623 3829 nib.
654 3792 701 3839 E,
729 3800 754 3827 z
779 3787 882 3828 add.
915 3788 958 3827 V.
1020 3786 1068 3835 b)
1093 3787 1121 3838 13
1147 3799 1314 3828 oraeum
1339 3790 1377 3827 1.
1443 3786 1484 3837 c)
1510 3785 1703 3827 michalo
1719 3789 1767 3835 E,
1795 3798 1901 3826 corr.
1926 3788 1974 3827 T.
2040 3785 2085 3835 d)
2111 3795 2243 3826 amm.
2275 3788 2319 3825 V.
2376 3786 2422 3835 e)
2447 3794 2637 3833 pecasse
2653 3788 2693 3825 1.

440 3842 476 3891 f)
503 3842 565 3881 ita
602 3842 662 3893 W,
689 3842 741 3881 A.
766 3840 810 3881 S.
839 3852 880 3879 a.
901 3840 1005 3888 9663
1035 3840 1208 3879 flacium
1237 3842 1285 3879 E.
1365 3838 1415 3888 g)
1441 3840 1619 3879 alterum
1646 3842 1664 3879 t
1688 3838 1789 3878 add.
1813 3838 1861 3878 Τ.
1958 3838 2006 3888 h)
2032 3838 2061 3877 h
2090 3850 2267 3878 erasum.
2359 3838 2394 3889 i)
2425 3836 2619 3877 debitum
2646 3838 2695 3886 E,

440 3905 534 3934 corr
576 3894 623 3933 T.
754 3892 804 3942 k)
844 3892 885 3930 si
921 3902 995 3931 um
1029 3892 1245 3940 hecquam
1279 3892 1328 3939 Ε,
1365 3902 1471 3930 corr.
1495 3892 1546 3930 T.
1686 3890 1724 3943 1)
1761 3890 1965 3931 delictam
1990 3892 2041 3940 E,
2078 3902 2183 3930 corr.
2206 3892 2255 3929 Τ.
2398 3888 2459 3937 ιιι)
2500 3888 2629 3939 ᾱιριι.
2660 3892 2696 3928 1.

441 3944 489 3996 ιι)
516 3945 709 3985 subdidit
741 3944 787 3985 V.
885 3942 927 3990 o)
956 3944 1064 3983 uuin
1097 3965 1140 3970 —-
1169 3942 1274 3991 gard
1300 3943 1348 3981 in
1375 3942 1542 3982 duabus
1571 3942 1697 3982 lineis
1722 3944 1771 3992 E,
1800 3943 1865 3983 nil
1886 3944 1924 3982 T
1948 3944 1994 3983 iu
2020 3944 2207 3994 margine
2231 3942 2482 3991 adeor-ipsiu
2512 3940 2697 3981 Windss·

439 3998 548 4047 gard
573 4000 616 4038 2.
644 3997 696 4037 A.
726 3997 775 4038 S.
877 3994 925 4048 p)
951 3996 1087 4045 procli
1126 3996 1161 4034 V
1181 3995 1367 4044 saepius.

445 4120 496 4185 1)
535 4119 834 4174 Heroldum
865 4116 1178 4185 (939-958)
1207 4136 1259 4172 a.
1288 4117 1414 4180 9543
1454 4116 1524 4186 cf.
1552 4117 1845 4171 Dammler
1862 4132 1922 4184 p.
1952 4115 2067 4178 104,
2095 4114 2214 4177 248,
2242 4115 2360 4169 295.
2490 4113 2544 4180 2)
2586 4113 2624 4168 i.
2651 4129 2694 4193 ς.

439 4205 590 4250 rara,
635 4205 723 4243 ree
762 4204 997 4257 paucae,
1043 4186 1185 4252 conf.
1229 4189 1278 4240 Ι.
1315 4187 1456 4255 prol.
1501 4202 1550 4240 v.
1590 4187 1673 4241 14.
1742 4189 1809 4241 L.
1965 4186 2019 4247 3)
2064 4183 2222 4239 Filia
2267 4182 2491 4249 Arnulfi
2536 4182 2695 4237 dacus

443 4258 776 4324 (907-937),
813 4273 976 4327 quam
1013 4256 1306 4311 Heium-icus
1337 4274 1393 4310 a.
1431 4256 1533 4311 938
1568 4256 1626 4309 in
1662 4255 2063 4310 matrimonium
2080 4253 2335 4308 auxerat
2348 4272 2365 4319 ,·
2411 4252 2697 4306 Ditmmler

435 4344 495 4395 p.
523 4328 606 4382 80.
753 4327 810 4393 4)
859 4329 932 4380 In
977 4325 1201 4379 abbatia
1247 4325 1695 4379 Niedermilnster
1736 4324 1795 4377 in
1846 4323 1975 4377 urbe
2020 4322 2375 4390 Reqembury
2417 4320 2660 4386 fundata
2674 4338 2693 4385 ‚-

442 4397 728 4451 Dammzer
755 4412 814 4463 p.
842 4396 960 4451 508.
1116 4392 1171 4459 5)
1225 4394 1335 4457 Qui
1367 4395 1505 4449 sedit
1539 4394 1641 4448 957
1654 4420 1713 4430 —
1728 4392 1846 4447 993.
1998 4389 2053 4455 6)
2106 4392 2432 4457 Heeslinyen
2466 4389 2583 4442 vico
2621 4388 2697 4442 ad

441 4466 666 4534 fluvium
703 4465 828 4521 Osce
855 4480 1028 4532 prope
1065 4463 1243 4517 Zeven
1279 4464 1396 4517 sito,
1535 4461 1589 4527 7)
1629 4462 1739 4526 Qui
1770 4460 1909 4516 sedit
1943 4460 2232 4515 936-988.
2438 4472 2444 4477 ·
