3100 5050
463 407 564 462 148
1072 405 1477 461 THIETMARI
1511 405 1773 461 CHRON.
1842 408 1978 463 LIB.
2014 408 2107 461 VI.

275 570 424 625 1005.
462 556 547 621 ad
591 558 1016 639 expeditionis
1061 561 1450 638 necessaria,
1505 567 1571 624 et
1615 566 1769 624 tunc
1813 582 1927 641 per
1976 560 2249 644 pediteS,
2302 559 2451 625 hinc
2506 561 2709 625 nulla-

459 650 645 709 tenus
691 652 1042 709 moventur.

632 730 731 796 24.
804 730 901 793 Ad
947 730 1106 794 haec
1152 732 1399 795 curiose
1443 730 1682 793 tuenda
1727 731 2005 795 ministri
2039 736 2191 795 sunt
2225 731 2592 815 specialiter
2626 732 2708 798 ab
2784 724 2793 731 ⁶

457 814 776 897 indigenis
821 818 1174 881 constituti.
1255 814 1377 892 Qui
1423 837 1567 880 cum
1611 816 1739 881 huc
1783 816 1971 881 idolis
2016 817 2349 881 immolare
2395 839 2507 881 seu
2544 819 2707 881 iram

459 900 801 965 eorundem
846 902 1102 985 placare
1147 902 1555 979 conveniunt,
1616 901 1837 965 sedent
1882 902 1974 966 hii
2019 903 2390 967 dumtaxat⁸
2434 904 2705 968 caeteris

459 989 853 1051 asstantibus
925 994 990 1053 et
1057 988 1324 1052 invicem
1395 988 1754 1051 clanculum
1834 994 2193 1053 mussantes
2261 996 2502 1053 terram
2564 1010 2707 1053 cum

457 1080 733 1137 tremore
779 1074 1126 1150 infodiunt,
1196 1094 1322 1155 quo
1369 1072 1651 1138 sortibus
1696 1073 1949 1138 emissis
1998 1095 2213 1139 rerum
2262 1074 2708 1141 certitudinem

456 1157 798 1223 dubiarum
865 1160 1260 1243 perquirant.
1389 1158 1635 1236 Quibus
1702 1158 1900 1223 finitis
1985 1161 2225 1241 cespite
2291 1160 2481 1224 viridi
2551 1158 2705 1247 [eas]

458 1246 818 1329 operientes
879 1266 1140 1327 equum,
1213 1245 1324 1326 qui
1376 1246 1693 1309 maximus
1754 1246 1923 1309 inter
1976 1246 2138 1309 alios
2192 1245 2466 1310 habetur
2520 1255 2585 1311 et
2637 1255 2707 1311 ut

457 1351 640 1395 sacer
693 1330 776 1395 ab
829 1332 928 1395 bis
974 1338 1338 1409 veneratur,
1395 1351 1588 1414 super
1638 1328 1800 1395 fixas
1854 1330 1920 1392 in
1974 1336 2213 1395 terram
2267 1330 2542 1395 duarum
2596 1353 2704 1396 cu—

459 1416 710 1500 spidesb
763 1418 1092 1481 hastilium
1146 1417 1318 1480 inter
1367 1436 1434 1479 se
1487 1416 2037 1481 trans*missarum
2085 1417 2357 1499 supplici
2401 1416 2705 1499 obsequio
2733 1436 2858 1487 *m
2878 1440 2972 1479 109.

457 1502 720 1579 ducunt,
777 1510 840 1567 et
885 1502 1211 1583 premissis
1255 1501 1555 1581 sortibus,
1612 1500 1867 1589 [quibus
1912 1500 2001 1589 id]
2056 1503 2463 1584 exploravere
2508 1505 2704 1586 priuS,
2960 1501 2964 1503 ’

457 1609 572 1669 per
607 1587 779 1651 hunc
815 1590 1001 1671 quasi
1038 1587 1324 1652 divinum
1362 1587 1569 1652 denuo
1607 1590 2049 1670 auguriantur.
2140 1588 2226 1652 Et
2259 1589 2313 1652 si
2350 1590 2419 1652 in
2457 1588 2706 1654 duabus

457 1675 579 1737 hiis
622 1672 815 1738 rebus
859 1696 976 1757 par
1023 1694 1209 1738 omen
1253 1680 1539 1759 apparet,
1587 1673 1778 1738 factis
1822 1673 2201 1757 completum
2250 1676 2348 1737 sin
2384 1680 2619 1753 autem,
2666 1696 2707 1738 a
2780 1730 2798 1747 .

453 1758 750 1824 tristibus
819 1761 1072 1843 populis
1139 1759 1259 1824 hoc
1328 1780 1592 1843 prorsus
1662 1761 1980 1825 omittitur
1998 1760 2038 1825 ¹.
2158 1759 2463 1824 Testatur
2537 1760 2705 1825 idem

455 1846 806 1927 antiquitas
859 1866 1073 1911 errore
1126 1846 1349 1910 delusa
1407 1846 1647 1925 vario0,
1704 1848 1757 1909 si
1811 1844 2069 1929 quando
2124 1846 2224 1910 his
2278 1867 2430 1911 seva
2480 1846 2706 1929 longae

454 1929 820 1995 rebellionis
885 1932 1270 2014 assperitas<1
1329 1932 1689 2006 immineat,
1756 1938 1827 1995 ut
1886 1953 1921 1995 e
1981 1931 2144 1995 mari
2198 1931 2489 2014 predicto
2552 1952 2708 2013 aper

455 2037 724 2099 magnus
772 2025 838 2081 et
884 2016 1156 2081 candido
1212 2016 1402 2080 dente
1457 2038 1490 2081 e
1545 2018 1787 2099 spumis
1852 2016 2214 2081 lucescente
2266 2025 2456 2082 exeat
2513 2038 2707 2101 seque

455 2104 522 2166 in
565 2103 902 2166 volutabro
947 2104 1328 2167 delectatum
1379 2102 1653 2168 terribili
1686 2104 2100 2185 quassatione
2137 2103 2355 2167 multis
2390 2104 2705 2170 ostendat.

627 2191 728 2255 25.
768 2188 928 2274 (18.)
993 2190 1164 2267 Quot
1201 2189 1492 2271 regiones
1531 2190 1783 2252 suntin
1827 2188 1928 2252 his
1971 2188 2280 2271 partibuS,
2325 2196 2421 2253 tot
2464 2189 2705 2271 templa

454 2273 776 2339 habentur
864 2282 930 2339 et
1007 2274 1351 2338 simulacra
1421 2274 1765 2338 demonum
1852 2274 2106 2356 singula-
2188 2272 2269 2337 ab
2338 2274 2705 2339 infidelibus

455 2361 771 2440 coluntur,
817 2362 988 2425 inter
1023 2381 1190 2443 quae
1227 2361 1454 2425 civitas
1491 2366 2041 2443 supramemorata
2072 2360 2491 2443 principalem
2529 2367 2707 2424 tenet

457 2446 913 2513 monarchiam.
1012 2446 1196 2510 Hanc
1253 2446 1337 2509 ad
1396 2445 1627 2511 bellum
1688 2452 2104 2530 properantes
2156 2446 2467 2524 salutant,
2527 2446 2705 2511 illam

451 2553 758 2616 prospere
827 2532 1166 2598 redeuntes
1235 2531 1608 2598 muneribus
1676 2531 1912 2597 debitis
1981 2533 2302 2598 honorant
2382 2539 2471 2610 et,
2542 2554 2705 2615 quae

453 2618 793 2701 placabilis
839 2620 1050 2683 hostia
1095 2620 1219 2682 diis
1263 2617 1484 2684 offerri
1523 2640 1563 2682 a
1600 2619 1910 2682 ministris
1948 2617 2197 2696 debeat,
2242 2639 2357 2702 per
2392 2623 2595 2683 sortes
2630 2639 2707 2682 ac

453 2724 568 2787 per
611 2725 864 2788 equum,
911 2705 1078 2768 sicut
1121 2704 1413 2788 prefatus
1455 2725 1616 2782 sum,
1660 2704 2003 2786 diligenter
2036 2705 2400 2788 inquiritur.
2486 2704 2706 2768 Homi-

416 2799 421 2805 ’
455 2811 609 2853 num
655 2812 732 2854 66
776 2792 1084 2872 sanguine
1124 2791 1443 2874 pecudum
1487 2788 1835 2855 ineffabilis
1872 2791 2102 2856 horum
2136 2789 2319 2855 furor
2356 2790 2703 2872 mitigatur.

455 2875 602 2940 Hiis
671 2873 932 2964 [autem]
1005 2876 1331 2957 omnibuS,
1405 2876 1516 2959 qui
1588 2877 2008 2940 communiter
2076 2876 2311 2940 Liutici
2379 2882 2705 2953 vocantur,

455 2961 755 3027 dominus
799 2962 1160 3046 specialiter
1204 2983 1329 3027 non
1371 2961 1658 3044 presidet
1698 2961 1885 3028 1111116.
1979 2961 2275 3026 Unanimi
2322 2962 2586 3026 consilio
2622 2961 2706 3026 ad

453 3047 765 3130 placitum
811 3049 1046 3112 suimet
1089 3049 1454 3112 necessaria
1506 3047 1931 3112 discucientes
1995 3047 2063 3111 in
2114 3047 2309 3112 rebus
2354 3046 2707 3112 efficiendis

456 3153 678 3197 omnes
733 3133 1142 3199 concordant.
1250 3133 1318 3197 Si
1370 3133 1512 3217 quis
1566 3154 1713 3198 vero
1770 3132 1883 3196 *ex
1937 3132 2577 3215 comprovincialibus
2637 3134 2705 3197 in
2732 3149 2865 3199 *soa
2888 3153 3001 3195 109‘.

453 3219 692 3302 placito
739 3219 862 3284 hiis
909 3219 1308 3297 contradicit,
1363 3218 1643 3283 fustibus
1686 3217 2059 3283 verberatur
2112 3224 2196 3297 et,
2250 3218 2306 3282 si
2350 3217 2705 3283 forinsecus

453 3305 669 3388 palam
716 3305 982 3382 resistit,
1039 3313 1154 3368 aut
1198 3305 1415 3368 omnia
1458 3305 1753 3370 incendio
1798 3312 1863 3368 et
1906 3304 2209 3369 continua
2253 3304 2706 3387 depredatione

451 3391 669 3474 perdit
729 3397 844 3454 aut
895 3392 960 3455 in
1015 3411 1237 3455 eorum
1289 3392 1615 3472 presentia
1679 3411 1797 3473 pro
1850 3390 2166 3473 qualitate
2230 3411 2349 3454 sua
2400 3391 2709 3472 pecuniae

454 3477 760 3558 persolvit
821 3477 1248 3560 quantitatem
1311 3475 1587 3543 debitae.
1699 3475 1997 3540 Infideles
2056 3477 2180 3559 ipsi
2243 3482 2307 3540 et
2365 3475 2709 3540 mutabiles

454 3563 580 3647 ipsi
648 3563 1218 3627 inmutabilitatem
1281 3572 1392 3626 66Θ
1458 3582 1753 3644 magnam
1818 3562 2081 3646 exigunt
2140 3561 2222 3626 ab
2285 3561 2432 3626 aliis
2495 3560 2705 3628 fidem.

455 3649 689 3712 Pacem
733 3648 966 3714 abraso
1013 3649 1188 3713 crine
1233 3667 1532 3729 supremo
1579 3653 1643 3712 et
1688 3669 1829 3712 cum
1876 3648 2160 3730 gramine
2200 3647 2497 3730 datisque
2532 3645 2709 3711 affir—

455 3741 635 3798 mant
704 3734 966 3801 dextris,
1079 3734 1178 3798 Ad
1250 3733 1417 3798 hanc
1489 3730 1751 3820 [autem]
1820 3733 2325 3815 perturbandam
2395 3740 2459 3798 et
2520 3733 2708 3798 facile

453 3820 729 3904 pecunia
774 3827 1288 3905 corrumpuntur.

626 3907 737 3970 Hii
806 3906 1071 3984 milites,
1165 3904 1488 3989 quondam
1559 3906 1723 3969 servi
1811 3905 2178 3988 nostrisque
2256 3903 2709 3988 iniquitatibus

456 4001 610 4057 tunc
670 3992 884 4068 liberi,
948 3992 1067 4056 tali
1129 3989 1486 4056 comitatu2
1545 3990 1632 4056 ad
1690 4011 1905 4074 regem
1964 3990 2403 4056 auxiliandum
2459 3988 2710 4073 profici-

455 4085 742 4144 scuntur.
831 4080 1070 4143 Eorum
1117 4098 1262 4141 cum
1304 4077 1483 4142 cultu
1519 4077 1867 4163 consorcia,
1912 4075 2134 4156 lector,
2178 4075 2409 4158 fugiaS,
2467 4075 2710 4140 divina-

451 4217 500 4266 6)
525 4216 736 4256 duxtaxst
755 4219 794 4256 1.
898 4215 946 4265 b)
974 4214 1154 4265 cupidos
1173 4217 1214 4254 1.
1320 4214 1364 4266 6)
1391 4215 1516 4254 varia
1532 4215 1588 4254 Β.
1694 4213 1737 4260 d)
1757 4215 1944 4264 primum
1964 4225 1985 4253 s
2003 4223 2169 4252 erasum
2186 4216 2223 4253 1.
2331 4211 2373 4263 6)
2399 4216 2444 4253 et
2460 4209 2711 4262 mutabiles,

455 4272 502 4308 ut
525 4268 705 4318 videtur,
733 4269 898 4308 iteravit
919 4269 982 4316 B?
1010 4265 1390 4306 inmutabilitatem
1416 4275 1468 4305 ac
1492 4277 1596 4306 corr.
1618 4266 1667 4306 Τ.

457 4372 508 4436 1)
547 4371 635 4438 C'f.
670 4374 721 4426 Ι.
749 4371 978 4496 ἳςὲνὲπ,
1015 4369 1308 4426 ‘Deutsche
1343 4369 1695 4438 Mytholoyie’
1732 4371 1818 4436 II,
1855 4369 1955 4424 551
1983 4384 2059 4437 sq.
2216 4367 2270 4432 2)
2322 4367 2409 4423 Sc.
2444 4367 2709 4422 idolorum

449 4457 695 4496 suorum.
923 4481 935 4494 .
1416 4457 1421 4462 ·
