3100 5050
1059 319 1463 376 THIETMARI
1497 319 1760 376 CHRON.
1831 321 1968 375 LlB.
2006 321 2113 375 III.
2648 321 2715 377 55

638 477 735 541 12.
803 473 927 540 Sed
983 474 1192 540 clerus
1236 483 1300 540 et
1341 473 1616 559 populus
1670 474 1837 539 tanti
1894 474 2099 558 patris
2145 472 2370 540 funere
2420 473 2719 540 turbatus
2750 495 2857 544 rag.
2880 495 2971 534 chr.

465 561 841 628 Ohtricum⁸
883 559 1266 626 confratrem
1311 567 1376 625 et
1411 566 1567 625 tunc
1610 560 1984 644 imperatori
2030 559 2304 626 fideliter
2340 561 2717 626 servientem
2753 563 2869 629 981.

466 647 888 714 communiter
940 647 1256 729 eligerunt
1309 647 1375 712 in
1430 646 1756 712 dominum
1811 651 1876 711 et
1918 645 2447 730 archipresulem3
2504 668 2719 730 quam-

467 735 560 798 vis
603 733 724 798 hoc
767 732 943 798 nullo
989 732 1178 797 modo
1219 752 1406 816 posse
1449 731 1591 797 fieri
1635 731 1959 814 predictus
1996 731 2519 812 archimandrita,
2566 732 2718 798 dum

466 819 673 885 adhuc
715 819 954 885 viveret
995 816 1282 902 beneque
1325 817 1585 898 valeret,
1640 818 1859 883 multis
1905 839 1984 882 ex
2028 837 2251 884 eorum
2294 840 2559 884 numero
2603 841 2719 903 pu-

465 902 624 970 blice
667 904 1044 990 prediceret.
1134 904 1296 969 Cum
1341 904 1510 969 enim
1556 905 1891 988 episcopus
1930 910 1993 971 et
2030 903 2333 970 Ohtricus
2370 925 2721 989 numquam

465 991 876 1056 convenirent
925 990 1238 1071 moribus,
1293 1011 1525 1074 magna
1578 989 1977 1056 confratrum
2035 997 2100 1054 et
2149 990 2505 1074 hospitum,
2568 991 2720 1074 quia

464 1077 766 1160 magister
822 1076 948 1142 fuit
1004 1076 1240 1156 scolae,
1300 1081 1559 1144 caterva
1612 1075 1775 1142 bene
1832 1076 2199 1154 elaborata,
2262 1077 2494 1141 maluit
2547 1075 2717 1141 idem

463 1163 659 1242 exire,
697 1185 888 1248 quam
927 1163 995 1227 in
1030 1163 1418 1228 monasterio
1454 1183 1851 1248 permanere.
1940 1162 2107 1228 Huic
2144 1183 2327 1228 cesar
2362 1184 2509 1228 cum
2544 1161 2718 1245 apud

463 1249 1012 1333 archiepiscopum
1083 1249 1410 1314 licentiam
1481 1247 1606 1313 sibi
1676 1248 2033 1313 famulandi
2102 1246 2253 1336 [vix]
2325 1248 2719 1332 impetraret,

465 1335 736 1417 contigit
776 1336 842 1399 in
887 1335 992 1400 die
1035 1335 1530 1400 resurreccionis
1578 1341 1858 1412 sanctae,
1920 1334 2287 1419 episcopum
2328 1335 2413 1400 ad
2457 1334 2719 1399 missam

462 1429 786 1505 paratum,
855 1420 1276 1500 subdiacono,
1342 1427 1415 1486 ut
1467 1442 1606 1486 mos
1662 1426 1782 1499 est,
1843 1426 2133 1486 sanctam
2192 1441 2446 1486 crucem
2504 1440 2719 1485 coram

462 1511 740 1584 tenente,
786 1506 1100 1572 ambabus
1145 1506 1409 1574 eandem
1457 1506 1879 1591 complectens
1926 1505 2242 1585 manibus,
2299 1512 2374 1571 ut
2419 1505 2718 1571 Ohtricus

221 1583 440 1689 {fssssfissf
464 1598 527 1658 et
569 1593 714 1658 Icob
751 1614 1098 1676 numquam
1145 1594 1360 1658 sedem
1403 1592 1833 1674 possi*derent
1869 1613 2071 1671 suam,
2118 1592 2403 1658 lacrimis
2437 1591 2751 1677 postulat.

461 1678 761 1764 profusis.
837 1679 1102 1746 Peracto
1137 1687 1352 1745 autem
1391 1678 1605 1744 divino
1642 1677 1919 1763 pleniter
1956 1678 2329 1758 ministerio,
2368 1699 2511 1744 cum
2546 1678 2716 1744 idem

465 1765 549 1829 ad
575 1786 863 1831 mensam
891 1766 1158 1845 sederet,
1192 1764 1480 1848 prefatos
1514 1785 1865 1848 numquam
1904 1764 2025 1829 sibi
2062 1785 2467 1830 successuros
2504 1765 2715 1848 palam

464 1852 711 1916 cunctis
753 1850 1160 1936 presentibus
1203 1852 1500 1918 innotuit.
1600 1849 1891 1928 Qualiter
1934 1856 2149 1915 autem
2194 1850 2315 1915 hoc
2359 1850 2479 1916 sibi
2525 1849 2722 1915 fuerit

463 1936 839 2016 revelatum,
893 1959 1021 2002 non
1073 1939 1349 2021 aperuit,
1403 1957 1520 2002 nec
1576 1957 1877 2020 umquam
1932 1936 2089 2000 mihi
2142 1937 2376 2020 aliquis
2420 1937 2719 2002 intimare

463 2023 692 2105 potuit.
789 2023 946 2087 Post
997 2031 1269 2087 mortem
1334 2043 1585 2107 quoque
1647 2023 1785 2087 eius
1840 2022 2169 2087 Walterdo
2233 2021 2357 2087 sibi
2419 2021 2653 2087 dilecto
2674 2021 2717 2101 1,

463 2109 576 2193 qui
620 2115 687 2174 et
730 2108 974 2174 Dodico
1020 2108 1384 2188 vocabatur,
1442 2117 1514 2174 ut
1556 2107 1693 2193 ipse
1738 2108 1893 2173 mihi
1938 2129 2053 2191 pro
2099 2129 2247 2173 vero
2290 2109 2595 2187 narravit,
2650 2108 2718 2172 in

465 2195 702 2260 somnis
759 2194 929 2260 idem
987 2201 1241 2274 cuncta,
1309 2215 1472 2278 quae
1530 2195 1597 2258 in
1654 2194 1775 2259 hac
1832 2216 1901 2260 re
1960 2195 2139 2259 vivus
2196 2195 2719 2278 prenuntiaverat

464 2279 794 2366 compleri,
853 2280 1094 2346 talibus
1151 2279 1515 2348 affirmavit.
1618 2280 1741 2345 Hic
1797 2281 1863 2346 in
1922 2279 2088 2346 lecto
2145 2281 2394 2360 positus
2452 2300 2717 2345 excessu

463 2368 696 2432 mentis
740 2366 902 2432 vidit
942 2367 1493 2452 archiepiscopum
1537 2367 1606 2430 in
1642 2365 1911 2431 australi
1948 2365 2255 2444 ecclesiae
2292 2366 2506 2444 ianua,
2551 2387 2717 2450 quae

462 2453 848 2519 cimiterium
891 2453 1174 2539 respicit,
1221 2460 1530 2533 stantem,
1587 2451 1983 2537 eundemque
2028 2452 2213 2536 quasi
2259 2452 2526 2517 Romam
2573 2473 2717 2517 cum

461 2539 694 2606 baculo
752 2541 982 2605 suimet
1036 2561 1301 2624 pergere
1358 2539 1721 2623 cupientem
1782 2538 1946 2604 hiis⁰
2007 2539 2414 2621 exasperavit
2473 2538 2712 2604 verbis:

464 2626 572 2690 ‘Mi
621 2626 890 2706 Dodico,
945 2636 1020 2691 ut
1075 2626 1268 2709 quidd
1319 2646 1528 2691 meum
1575 2624 1739 2689 alioe
1782 2624 2077 2707 prebebis
2130 2624 2500 2693 honoremP'
2597 2624 2717 2690 Cui

459 2711 852 2795 respondens
913 2712 995 2776 is:
1061 2711 1353 2791 ‘Nonne’,
1415 2712 1655 2795 inquit,
1720 2712 1806 2775 ‘in
1866 2711 2042 2776 tristi
2104 2732 2241 2774 meo
2302 2709 2531 2775 habitu
2592 2730 2718 2775 non

458 2797 871 2875 voluntatem,
927 2797 1041 2862 sed
1086 2796 1588 2863 oboedientiamf
1620 2796 1845 2876 solum,
1894 2797 2111 2861 senior
2151 2794 2497 2874 carissime,
2544 2796 2719 2861 vales

460 2883 927 2949 considerare?
1014 2883 1114 2949 Ad
1149 2882 1310 2949 haec
1347 2883 1865 2968 archiepiscopus
1900 2888 2055 2948 tunc
2087 2882 2523 2967 prosequitur:
2572 2882 2717 2947 ‘Pro

461 2970 672 3049 certo',
717 2969 955 3049 dicens,
1004 2970 1208 3049 ‘scias‚
1257 2969 1591 3035 Ohtricum
1638 2969 1849 3034 sedem
1888 2990 2235 3053 numquam
2274 2989 2716 3051 possessurum

461 3056 712 3120 meam.’

634 3142 731 3208 13.
811 3140 1158 3207 Universus
1207 3145 1426 3206 autem
1483 3140 1693 3205 clerus
1744 3147 1808 3206 et
1851 3141 2143 3225 populuS,
2202 3145 2275 3205 ut
2332 3160 2549 3223 supra·
2585 3161 2714 3204 me·
2740 3154 2847 3204 'rna
2878 3156 2970 3195 chr·

209 3245 231 3268 *
249 3243 431 3295 sot-10¹.
459 3228 720 3305 moravi,
767 3226 1084 3310 completa
1118 3227 1448 3307 electione,
1485 3227 1799 3292 miserunt
1842 3226 2337 3311 Ekki*hardum‚
2393 3226 2504 3309 qui
2546 3225 2718 3291 dice-

458 3312 650 3377 batur
691 3312 918 3393 Rufus,
967 3334 1112 3377 cum
1159 3313 1484 3379 consortio
1531 3313 1808 3377 aliorum
1852 3311 2127 3377 fratrum
2162 3318 2228 3377 et
2262 3311 2557 3391 militum,
2606 3311 2726 3397 qui-

456 3399 621 3464 hanc
680 3400 1057 3483 imperatori
1123 3399 1502 3464 nunciarent
1567 3406 1633 3464 et
1702 3398 1780 3463 de
1849 3398 2183 3481 promissis
2254 3392 2713 3463 ammonerent;

206 3503 225 3525 ²·
253 3514 365 3543 man.
385 3503 429 3543 c.
459 3485 621 3563 ¹“Qui
690 3506 833 3550 cum
905 3485 1132 3550 Italiae
1201 3494 1448 3570 parteS,
1525 3485 1637 3550 ubi
1708 3506 1890 3549 cesar
1956 3493 2111 3550 tunc
2181 3483 2713 3563 commorabatur,

196 3589 218 3611 *
244 3589 427 3629 man-A·
456 3572 688 3638 itinere
741 3569 952 3635 *adtin
1003 3577 1248 3655 erentss,
1306 3572 1569 3637 Gisileri
1622 3569 2025 3654 suffragium,
2082 3570 2193 3655 qui
2246 3569 2418 3654 apud
2463 3570 2717 3653 inpera-

455 3664 659 3723 torem
713 3663 864 3721 tunc
987 3656 1260 3722 urimum
1316 3656 1595 3735 valebat,
1659 3658 2104 3741 implorantes,
2168 3656 2507 3739 legationis
2562 3676 2717 3721 suae

456 3748 769 3809 secretum
835 3680 959 3831 [eis
1003 3744 1320 3828 aperiunt.
1435 3744 1759 3807 Promissa
1829 3742 1912 3806 ab
1977 3762 2053 3807 eo
2117 3748 2215 3806 est
2284 3742 2449 3806 hiis0
2508 3740 2715 3806 fidelis

454 3829 826 3895 intercessio
901 3830 1378 3913 completurque
1445 3829 1569 3893 sibi
1634 3830 1881 3894 cunctis
1938 3829 2231 3911 proxima
2292 3829 2359 3892 in
2422 3826 2715 3892 omnibus

454 3915 953 3994 benevolentiah.
1042 3914 1332 3999 Namque
1376 3922 1452 3981 ut
1494 3915 1720 3980 audita
1765 3916 2007 3979 cesaris
2052 3914 2317 3979 auribus
2354 3913 2711 3990 instillavit,

222 4017 242 4040 ²·
267 4019 426 4069 mea.
453 4001 724 4084 pedibus
761 4001 1031 4087 supplex
1070 4000 1449 4081 advolvitur,
1496 4000 1848 4085 *promissa
1876 4006 1957 4065 ‘et
2001 4000 2114 4065 diu
2158 4006 2497 4083 expectata
2542 3998 2715 4082 longi

458 4155 502 4207 a)
544 4158 573 4197 h
609 4168 770 4207 semper
806 4168 970 4197 eranum
1007 4159 1042 4197 1.
1191 4154 1238 4205 b)
1279 4156 1370 4196 Leo
1404 4159 1452 4206 23
1491 4156 1604 4196 Hice
1639 4156 1752 4196 Ama.
1788 4156 1934 4207 Maga.
1972 4166 2017 4196 a.
2052 4157 2139 4196 982
2172 4158 2209 4196 et
2240 4154 2363 4196 Gesta
2388 4154 2505 4195 arch.
2535 4156 2713 4206 Μακρὰς

458 4209 539 4248 Iko
583 4209 730 4259 presb.
774 4211 895 4249 Necr.
933 4212 1060 4249 Men.
1104 4209 1163 4249 ad
1205 4211 1309 4249 Nov.
1342 4210 1383 4249 3.
1506 4209 1548 4260 c)
1588 4210 1761 4249 alterum
1800 4209 1815 4247 i
1852 4208 1954 4248 add.
1988 4210 2036 4249 T.
2166 4208 2212 4258 d)
2248 4200 2313 4258 qd'
2334 4210 2371 4247 1.
2478 4206 2522 4257 ο)
2558 4207 2637 4246 alii
2672 4207 2715 4246 V.

457 4260 494 4311 f)
519 4272 544 4300 ο
574 4273 738 4301 erasum
764 4263 804 4301 1.
901 4260 946 4313 g)
971 4262 1032 4301 n'ta
1058 4262 1112 4310 V;
1137 4262 1416 4310 anun‘gerent
1432 4259 1486 4300 A.
1590 4260 1641 4311 h)
1668 4260 1816 4299 henin.
1844 4260 2031 4300 radendo
2056 4262 2162 4310 alqe.
2192 4272 2298 4300 corr.

460 4364 510 4431 1)
545 4366 897 4421 Postmodum
927 4366 1242 4435 praeposito
1278 4364 1605 4433 984-1012,
1642 4365 2049 4435 archiepiscopo
2087 4335 2220 4426 1'012
2232 4384 2248 4429 ;
2284 4364 2355 4431 cf,
2398 4363 2534 4436 VII,
2573 4365 2653 4422 17.
