<?xml version="1.0" encoding="UTF-8"?>
<!DOCTYPE html PUBLIC "-//W3C//DTD XHTML 1.0 Transitional//EN"
    "http://www.w3.org/TR/xhtml1/DTD/xhtml1-transitional.dtd">
<html xmlns="http://www.w3.org/1999/xhtml" xml:lang="en" lang="en">
 <head>
  <title>
</title>
<meta http-equiv="Content-Type" content="text/html;charset=utf-8" />
  <meta name='ocr-system' content='tesseract 3.04.00' />
  <meta name='ocr-capabilities' content='ocr_page ocr_carea ocr_par ocr_line ocrx_word'/>
</head>
<body>
  <div class='ocr_page' id='page_1' title='image "./thietmarimerseb00lappgoog_0135.png"; bbox 0 0 3100 5050; ppageno 0'>
   <div class='ocr_carea' id='block_1_1' title="bbox 1083 356 2711 416">
    <p class='ocr_par' dir='ltr' id='par_1_1' title="bbox 1083 356 2711 416">
     <span class='ocr_line' id='line_1_1' title="bbox 1083 356 2711 416; baseline 0.001 -2"><span class='ocrx_word' id='word_1_1' title='bbox 1083 357 1489 415; x_wconf 79' lang='grc' dir='ltr'><strong>ΤΗῙΕΤΜΑΒΙ</strong></span> <span class='ocrx_word' id='word_1_2' title='bbox 1523 356 1787 414; x_wconf 78' lang='lat' dir='ltr'>CHRON.</span> <span class='ocrx_word' id='word_1_3' title='bbox 1854 358 1995 413; x_wconf 88' lang='lat' dir='ltr'><strong>LIB.</strong></span> <span class='ocrx_word' id='word_1_4' title='bbox 2034 358 2095 415; x_wconf 83' lang='lat' dir='ltr'>V.</span> <span class='ocrx_word' id='word_1_5' title='bbox 2611 362 2711 416; x_wconf 85' lang='lat'>115</span> 
     </span>
    </p>
   </div>
   <div class='ocr_carea' id='block_1_2' title="bbox 457 511 2900 854">
    <p class='ocr_par' dir='ltr' id='par_1_2' title="bbox 457 511 2900 854">
     <span class='ocr_line' id='line_1_2' title="bbox 457 511 2900 597; baseline 0 -15"><span class='ocrx_word' id='word_1_6' title='bbox 457 536 593 595; x_wconf 85' lang='lat' dir='ltr'>rex,</span> <span class='ocrx_word' id='word_1_7' title='bbox 637 520 714 579; x_wconf 89' lang='lat' dir='ltr'>ut</span> <span class='ocrx_word' id='word_1_8' title='bbox 747 520 888 579; x_wconf 89' lang='lat' dir='ltr'>erat</span> <span class='ocrx_word' id='word_1_9' title='bbox 922 511 1002 579; x_wconf 90' lang='lat' dir='ltr'>de</span> <span class='ocrx_word' id='word_1_10' title='bbox 1037 513 1160 577; x_wconf 91' lang='lat' dir='ltr'>Dei</span> <span class='ocrx_word' id='word_1_11' title='bbox 1196 513 1424 578; x_wconf 87' lang='lat' dir='ltr'>timore</span> <span class='ocrx_word' id='word_1_12' title='bbox 1461 512 1777 577; x_wconf 86' lang='lat' dir='ltr'>sollicitus</span> <span class='ocrx_word' id='word_1_13' title='bbox 1813 518 1879 577; x_wconf 85' lang='lat' dir='ltr'>et</span> <span class='ocrx_word' id='word_1_14' title='bbox 1910 511 1993 577; x_wconf 89' lang='lat' dir='ltr'>de</span> <span class='ocrx_word' id='word_1_15' title='bbox 2027 511 2437 597; x_wconf 76' lang='lat' dir='ltr'><strong>acquirendis</strong></span> <span class='ocrx_word' id='word_1_16' title='bbox 2478 518 2708 589; x_wconf 85' lang='lat' dir='ltr'>certus,</span> <span class='ocrx_word' id='word_1_17' title='bbox 2750 526 2900 582; x_wconf 77' lang='lat'>1002.</span> 
     </span>
     <span class='ocr_line' id='line_1_3' title="bbox 459 597 2713 686; baseline -0.002 -20"><span class='ocrx_word' id='word_1_18' title='bbox 459 602 690 667; x_wconf 90' lang='lat' dir='ltr'>horum</span> <span class='ocrx_word' id='word_1_19' title='bbox 740 599 1016 685; x_wconf 86' lang='lat' dir='ltr'>profana</span> <span class='ocrx_word' id='word_1_20' title='bbox 1067 600 1344 683; x_wconf 79' lang='lat' dir='ltr'>sprevit⁸</span> <span class='ocrx_word' id='word_1_21' title='bbox 1394 598 1665 664; x_wconf 82' lang='lat' dir='ltr'>consilia</span> <span class='ocrx_word' id='word_1_22' title='bbox 1724 598 2103 686; x_wconf 74' lang='lat' dir='ltr'>curtesqueb</span> <span class='ocrx_word' id='word_1_23' title='bbox 2167 597 2353 664; x_wconf 88' lang='lat' dir='ltr'>ducis</span> <span class='ocrx_word' id='word_1_24' title='bbox 2403 598 2713 662; x_wconf 85' lang='lat' dir='ltr'>vastando</span> 
     </span>
     <span class='ocr_line' id='line_1_4' title="bbox 460 683 2716 769; baseline -0.002 -17"><span class='ocrx_word' id='word_1_25' title='bbox 460 688 776 753; x_wconf 81' lang='lat' dir='ltr'>circuiens</span> <span class='ocrx_word' id='word_1_26' title='bbox 818 685 901 751; x_wconf 90' lang='lat' dir='ltr'>ad</span> <span class='ocrx_word' id='word_1_27' title='bbox 954 685 1253 749; x_wconf 77' lang='lat' dir='ltr'>ultimum</span> <span class='ocrx_word' id='word_1_28' title='bbox 1303 684 1582 749; x_wconf 87' lang='lat' dir='ltr'>clamore</span> <span class='ocrx_word' id='word_1_29' title='bbox 1636 683 1923 749; x_wconf 84' lang='lat' dir='ltr'>devictus</span> <span class='ocrx_word' id='word_1_30' title='bbox 1975 704 2331 769; x_wconf 89' lang='lat' dir='ltr'>pauperum</span> <span class='ocrx_word' id='word_1_31' title='bbox 2392 683 2477 748; x_wconf 88' lang='lat' dir='ltr'>ad</span> <span class='ocrx_word' id='word_1_32' title='bbox 2526 684 2716 748; x_wconf 86' lang='lat' dir='ltr'>Fran-</span> 
     </span>
     <span class='ocr_line' id='line_1_5' title="bbox 459 770 1375 854; baseline -0.002 -15"><span class='ocrx_word' id='word_1_33' title='bbox 459 774 664 839; x_wconf 77' lang='lat' dir='ltr'>oiam0</span> <span class='ocrx_word' id='word_1_34' title='bbox 704 792 993 837; x_wconf 89' lang='lat' dir='ltr'>remeare</span> <span class='ocrx_word' id='word_1_35' title='bbox 1038 770 1375 854; x_wconf 80' lang='lat' dir='ltr'>disposuit.</span> 
     </span>
    </p>
   </div>
   <div class='ocr_carea' id='block_1_3' title="bbox 214 869 2724 2243">
    <p class='ocr_par' dir='ltr' id='par_1_3' title="bbox 214 869 2724 2243">
     <span class='ocr_line' id='line_1_6' title="bbox 635 869 2718 955; baseline -0.003 -15"><span class='ocrx_word' id='word_1_36' title='bbox 635 874 734 943; x_wconf 89' lang='lat'>14.</span> <span class='ocrx_word' id='word_1_37' title='bbox 795 873 881 937; x_wconf 90' lang='lat' dir='ltr'>Et</span> <span class='ocrx_word' id='word_1_38' title='bbox 907 891 1054 937; x_wconf 89' lang='lat' dir='ltr'>ecce</span> <span class='ocrx_word' id='word_1_39' title='bbox 1080 872 1460 937; x_wconf 82' lang='lat' dir='ltr'>Heinricus‘l</span> <span class='ocrx_word' id='word_1_40' title='bbox 1493 872 1709 937; x_wconf 86' lang='lat' dir='ltr'>c&#39;omes</span> <span class='ocrx_word' id='word_1_41' title='bbox 1727 871 1769 951; x_wconf 87' lang='lat'>¹,</span> <span class='ocrx_word' id='word_1_42' title='bbox 1812 871 2101 938; x_wconf 87' lang='lat' dir='ltr'>Bertoldi</span> <span class='ocrx_word' id='word_1_43' title='bbox 2137 872 2459 955; x_wconf 79' lang='lat' dir='ltr'>amiteque</span> <span class='ocrx_word' id='word_1_44' title='bbox 2493 869 2718 936; x_wconf 83' lang='lat' dir='ltr'>meae2</span> 
     </span>
     <span class='ocr_line' id='line_1_7' title="bbox 457 955 2717 1042; baseline -0.003 -16"><span class='ocrx_word' id='word_1_45' title='bbox 457 959 659 1040; x_wconf 82' lang='lat' dir='ltr'>filius,</span> <span class='ocrx_word' id='word_1_46' title='bbox 713 958 795 1023; x_wconf 88' lang='lat' dir='ltr'>ad</span> <span class='ocrx_word' id='word_1_47' title='bbox 847 958 1028 1042; x_wconf 88' lang='lat' dir='ltr'>regni</span> <span class='ocrx_word' id='word_1_48' title='bbox 1081 959 1328 1041; x_wconf 82' lang='lat' dir='ltr'>apicem</span> <span class='ocrx_word' id='word_1_49' title='bbox 1380 957 1840 1041; x_wconf 82' lang='lat' dir='ltr'>acquirendam</span> <span class='ocrx_word' id='word_1_50' title='bbox 1892 959 2029 1041; x_wconf 87' lang='lat' dir='ltr'>regi</span> <span class='ocrx_word' id='word_1_51' title='bbox 2082 978 2287 1041; x_wconf 88' lang='lat' dir='ltr'>usque</span> <span class='ocrx_word' id='word_1_52' title='bbox 2338 956 2465 1022; x_wconf 90' lang='lat' dir='ltr'>huc</span> <span class='ocrx_word' id='word_1_53' title='bbox 2508 955 2717 1021; x_wconf 89' lang='lat' dir='ltr'>fidelis</span> 
     </span>
     <span class='ocr_line' id='line_1_8' title="bbox 459 1042 2717 1126; baseline -0.003 -14"><span class='ocrx_word' id='word_1_54' title='bbox 459 1047 746 1124; x_wconf 88' lang='lat' dir='ltr'>adiutor,</span> <span class='ocrx_word' id='word_1_55' title='bbox 808 1043 1323 1108; x_wconf 87' lang='lat' dir='ltr'>animadvertens</span> <span class='ocrx_word' id='word_1_56' title='bbox 1383 1044 1659 1108; x_wconf 85' lang='lat' dir='ltr'>senioris</span> <span class='ocrx_word' id='word_1_57' title='bbox 1703 1044 1805 1108; x_wconf 90' lang='lat' dir='ltr'>sui</span> <span class='ocrx_word' id='word_1_58' title='bbox 1858 1049 2171 1109; x_wconf 79' lang='lat' dir='ltr'>mentem⁰</span> <span class='ocrx_word' id='word_1_59' title='bbox 2215 1042 2342 1108; x_wconf 88' lang='lat' dir='ltr'>sibi</span> <span class='ocrx_word' id='word_1_60' title='bbox 2383 1042 2717 1126; x_wconf 89' lang='lat' dir='ltr'>paululum</span> 
     </span>
     <span class='ocr_line' id='line_1_9' title="bbox 459 1127 2717 1213; baseline -0.003 -14"><span class='ocrx_word' id='word_1_61' title='bbox 459 1132 759 1208; x_wconf 88' lang='lat' dir='ltr'>alienam,</span> <span class='ocrx_word' id='word_1_62' title='bbox 803 1150 920 1213; x_wconf 89' lang='lat' dir='ltr'>per</span> <span class='ocrx_word' id='word_1_63' title='bbox 963 1130 1238 1213; x_wconf 90' lang='lat' dir='ltr'>optimos</span> <span class='ocrx_word' id='word_1_64' title='bbox 1285 1130 1603 1194; x_wconf 88' lang='lat' dir='ltr'>exercitus</span> <span class='ocrx_word' id='word_1_65' title='bbox 1648 1128 1932 1195; x_wconf 88' lang='lat' dir='ltr'>eiusdem</span> <span class='ocrx_word' id='word_1_66' title='bbox 1968 1132 2138 1195; x_wconf 85' lang='lat' dir='ltr'>viros</span> <span class='ocrx_word' id='word_1_67' title='bbox 2174 1128 2287 1193; x_wconf 88' lang='lat' dir='ltr'>diu</span> <span class='ocrx_word' id='word_1_68' title='bbox 2319 1127 2717 1212; x_wconf 89' lang='lat' dir='ltr'>firmiterque</span> 
     </span>
     <span class='ocr_line' id='line_1_10' title="bbox 458 1213 2718 1302; baseline -0.003 -19"><span class='ocrx_word' id='word_1_69' title='bbox 458 1218 844 1302; x_wconf 87' lang='lat' dir='ltr'>promissum</span> <span class='ocrx_word' id='word_1_70' title='bbox 889 1215 1166 1280; x_wconf 83' lang='lat' dir='ltr'>Bawarii</span> <span class='ocrx_word' id='word_1_71' title='bbox 1218 1215 1400 1299; x_wconf 84' lang='lat' dir='ltr'>regni</span> <span class='ocrx_word' id='word_1_72' title='bbox 1451 1214 1759 1280; x_wconf 84' lang='lat' dir='ltr'>ducatum</span> <span class='ocrx_word' id='word_1_73' title='bbox 1812 1215 1953 1279; x_wconf 89' lang='lat' dir='ltr'>dari</span> <span class='ocrx_word' id='word_1_74' title='bbox 2005 1215 2374 1297; x_wconf 83' lang='lat' dir='ltr'>postulavit.</span> <span class='ocrx_word' id='word_1_75' title='bbox 2473 1213 2718 1293; x_wconf 82' lang='lat' dir='ltr'>Quibus</span> 
     </span>
     <span class='ocr_line' id='line_1_11' title="bbox 459 1298 2716 1384; baseline -0.003 -16"><span class='ocrx_word' id='word_1_76' title='bbox 459 1325 573 1369; x_wconf 85' lang='lat' dir='ltr'>rex</span> <span class='ocrx_word' id='word_1_77' title='bbox 616 1303 746 1367; x_wconf 86' lang='lat' dir='ltr'>tale</span> <span class='ocrx_word' id='word_1_78' title='bbox 790 1300 998 1366; x_wconf 87' lang='lat' dir='ltr'>fertur</span> <span class='ocrx_word' id='word_1_79' title='bbox 1030 1299 1284 1365; x_wconf 84' lang='lat' dir='ltr'>dedisse</span> <span class='ocrx_word' id='word_1_80' title='bbox 1319 1319 1727 1384; x_wconf 87' lang='lat' dir='ltr'>responsum:</span> <span class='ocrx_word' id='word_1_81' title='bbox 1776 1300 2021 1365; x_wconf 87' lang='lat' dir='ltr'>‘Nonne</span> <span class='ocrx_word' id='word_1_82' title='bbox 2058 1301 2261 1383; x_wconf 77' lang='lat' dir='ltr'>scitiS,</span> <span class='ocrx_word' id='word_1_83' title='bbox 2303 1298 2464 1365; x_wconf 86' lang='lat' dir='ltr'>haec</span> <span class='ocrx_word' id='word_1_84' title='bbox 2497 1300 2564 1364; x_wconf 87' lang='lat' dir='ltr'>in</span> <span class='ocrx_word' id='word_1_85' title='bbox 2598 1299 2716 1363; x_wconf 88' lang='lat' dir='ltr'>hac</span> 
     </span>
     <span class='ocr_line' id='line_1_12' title="bbox 461 1383 2717 1474; baseline -0.003 -20"><span class='ocrx_word' id='word_1_86' title='bbox 461 1388 862 1474; x_wconf 81' lang='lat' dir='ltr'>expeditione</span> <span class='ocrx_word' id='word_1_87' title='bbox 908 1407 1315 1470; x_wconf 88' lang='lat' dir='ltr'>nequaquam</span> <span class='ocrx_word' id='word_1_88' title='bbox 1358 1383 1500 1450; x_wconf 88' lang='lat' dir='ltr'>fieri</span> <span class='ocrx_word' id='word_1_89' title='bbox 1534 1406 1741 1471; x_wconf 91' lang='lat' dir='ltr'>posse,</span> <span class='ocrx_word' id='word_1_90' title='bbox 1788 1385 2111 1451; x_wconf 84' lang='lat' dir='ltr'>Bawarios</span> <span class='ocrx_word' id='word_1_91' title='bbox 2147 1385 2231 1451; x_wconf 91' lang='lat' dir='ltr'>ab</span> <span class='ocrx_word' id='word_1_92' title='bbox 2268 1386 2454 1450; x_wconf 88' lang='lat' dir='ltr'>initio</span> <span class='ocrx_word' id='word_1_93' title='bbox 2492 1385 2717 1449; x_wconf 87' lang='lat' dir='ltr'>ducem</span> 
     </span>
     <span class='ocr_line' id='line_1_13' title="bbox 460 1470 2719 1558; baseline -0.003 -17"><span class='ocrx_word' id='word_1_94' title='bbox 460 1474 736 1558; x_wconf 85' lang='lat' dir='ltr'>eligendi</span> <span class='ocrx_word' id='word_1_95' title='bbox 761 1472 1031 1537; x_wconf 84' lang='lat' dir='ltr'>liberam</span> <span class='ocrx_word' id='word_1_96' title='bbox 1059 1471 1298 1537; x_wconf 90' lang='lat' dir='ltr'>habere</span> <span class='ocrx_word' id='word_1_97' title='bbox 1327 1477 1733 1554; x_wconf 88' lang='lat' dir='ltr'>potestatem,</span> <span class='ocrx_word' id='word_1_98' title='bbox 1770 1492 1897 1537; x_wconf 88' lang='lat' dir='ltr'>non</span> <span class='ocrx_word' id='word_1_99' title='bbox 1926 1472 2151 1538; x_wconf 84' lang='lat' dir='ltr'>decere</span> <span class='ocrx_word' id='word_1_100' title='bbox 2186 1478 2322 1537; x_wconf 92' lang='lat' dir='ltr'>tam</span> <span class='ocrx_word' id='word_1_101' title='bbox 2350 1470 2565 1537; x_wconf 85' lang='lat' dir='ltr'>subito</span> <span class='ocrx_word' id='word_1_102' title='bbox 2610 1491 2719 1536; x_wconf 87' lang='lat' dir='ltr'>eos</span> 
     </span>
     <span class='ocr_line' id='line_1_14' title="bbox 459 1558 2719 1642; baseline -0.002 -17"><span class='ocrx_word' id='word_1_103' title='bbox 459 1560 714 1626; x_wconf 89' lang='lat' dir='ltr'>abicere</span> <span class='ocrx_word' id='word_1_104' title='bbox 753 1579 959 1641; x_wconf 90' lang='lat' dir='ltr'>neque</span> <span class='ocrx_word' id='word_1_105' title='bbox 987 1558 1464 1624; x_wconf 77' lang='lat' dir='ltr'>constitutionis</span> <span class='ocrx_word' id='word_1_106' title='bbox 1491 1559 1757 1641; x_wconf 88' lang='lat' dir='ltr'>antique</span> <span class='ocrx_word' id='word_1_107' title='bbox 1775 1558 1878 1622; x_wconf 91' lang='lat' dir='ltr'>ius</span> <span class='ocrx_word' id='word_1_108' title='bbox 1896 1558 2141 1642; x_wconf 87' lang='lat' dir='ltr'>absque</span> <span class='ocrx_word' id='word_1_109' title='bbox 2164 1577 2475 1622; x_wconf 89' lang='lat' dir='ltr'>consensu</span> <span class='ocrx_word' id='word_1_110' title='bbox 2496 1576 2719 1622; x_wconf 88' lang='lat' dir='ltr'>eorum</span> 
     </span>
     <span class='ocr_line' id='line_1_15' title="bbox 460 1640 2719 1729; baseline -0.002 -18"><span class='ocrx_word' id='word_1_111' title='bbox 460 1646 800 1729; x_wconf 76' lang='lat' dir='ltr'>frangere?</span> <span class='ocrx_word' id='word_1_112' title='bbox 898 1644 965 1709; x_wconf 89' lang='lat' dir='ltr'>Si</span> <span class='ocrx_word' id='word_1_113' title='bbox 1017 1644 1322 1709; x_wconf 85' lang='lat' dir='ltr'>voluisset</span> <span class='ocrx_word' id='word_1_114' title='bbox 1373 1650 1772 1728; x_wconf 89' lang='lat' dir='ltr'>exspectare,</span> <span class='ocrx_word' id='word_1_115' title='bbox 1827 1664 2033 1727; x_wconf 90' lang='lat' dir='ltr'>usque</span> <span class='ocrx_word' id='word_1_116' title='bbox 2085 1642 2236 1708; x_wconf 91' lang='lat' dir='ltr'>dum</span> <span class='ocrx_word' id='word_1_117' title='bbox 2292 1644 2429 1727; x_wconf 89' lang='lat' dir='ltr'>ipse</span> <span class='ocrx_word' id='word_1_118' title='bbox 2473 1642 2556 1707; x_wconf 88' lang='lat' dir='ltr'>ad</span> <span class='ocrx_word' id='word_1_119' title='bbox 2600 1640 2719 1707; x_wconf 89' lang='lat' dir='ltr'>has</span> 
     </span>
     <span class='ocr_line' id='line_1_16' title="bbox 459 1727 2719 1816; baseline -0.002 -19"><span class='ocrx_word' id='word_1_120' title='bbox 459 1732 758 1816; x_wconf 86' lang='lat' dir='ltr'>regiones</span> <span class='ocrx_word' id='word_1_121' title='bbox 793 1732 1091 1805; x_wconf 86' lang='lat' dir='ltr'>venirem,</span> <span class='ocrx_word' id='word_1_122' title='bbox 1130 1750 1274 1795; x_wconf 90' lang='lat' dir='ltr'>cum</span> <span class='ocrx_word' id='word_1_123' title='bbox 1313 1730 1635 1794; x_wconf 90' lang='lat' dir='ltr'>communi</span> <span class='ocrx_word' id='word_1_124' title='bbox 1672 1729 1941 1794; x_wconf 91' lang='lat' dir='ltr'>consilio</span> <span class='ocrx_word' id='word_1_125' title='bbox 1974 1730 2335 1813; x_wconf 89' lang='lat' dir='ltr'>principum</span> <span class='ocrx_word' id='word_1_126' title='bbox 2373 1727 2719 1794; x_wconf 88' lang='lat' dir='ltr'>eorundem</span> 
     </span>
     <span class='ocr_line' id='line_1_17' title="bbox 459 1812 2721 1894; baseline -0.002 -12"><span class='ocrx_word' id='word_1_127' title='bbox 459 1838 538 1883; x_wconf 91' lang='lat' dir='ltr'>ac</span> <span class='ocrx_word' id='word_1_128' title='bbox 581 1816 909 1882; x_wconf 83' lang='lat' dir='ltr'>voluntate</span> <span class='ocrx_word' id='word_1_129' title='bbox 973 1815 1097 1881; x_wconf 88' lang='lat' dir='ltr'>sibi</span> <span class='ocrx_word' id='word_1_130' title='bbox 1141 1814 1417 1880; x_wconf 77' lang='lat' dir='ltr'>libenter</span> <span class='ocrx_word' id='word_1_131' title='bbox 1471 1816 1539 1879; x_wconf 87' lang='lat' dir='ltr'>in</span> <span class='ocrx_word' id='word_1_132' title='bbox 1595 1813 1719 1880; x_wconf 91' lang='lat' dir='ltr'>hoc</span> <span class='ocrx_word' id='word_1_133' title='bbox 1768 1815 2273 1882; x_wconf 61' lang='lat' dir='ltr'>satisfaceremf)</span> <span class='ocrx_word' id='word_1_134' title='bbox 2372 1813 2555 1894; x_wconf 82' lang='lat' dir='ltr'>Quod</span> <span class='ocrx_word' id='word_1_135' title='bbox 2608 1812 2721 1879; x_wconf 86' lang='lat' dir='ltr'>ubi</span> 
     </span>
     <span class='ocr_line' id='line_1_18' title="bbox 462 1900 2721 1984; baseline -0.002 -17"><span class='ocrx_word' id='word_1_136' title='bbox 462 1902 805 1969; x_wconf 91' lang='lat' dir='ltr'>Heinricus</span> <span class='ocrx_word' id='word_1_137' title='bbox 833 1901 917 1967; x_wconf 89' lang='lat' dir='ltr'>ab</span> <span class='ocrx_word' id='word_1_138' title='bbox 944 1901 1359 1967; x_wconf 85' lang='lat' dir='ltr'>internuntiis</span> <span class='ocrx_word' id='word_1_139' title='bbox 1385 1901 1650 1984; x_wconf 86' lang='lat' dir='ltr'>accepit,</span> <span class='ocrx_word' id='word_1_140' title='bbox 1678 1902 1745 1965; x_wconf 90' lang='lat' dir='ltr'>in</span> <span class='ocrx_word' id='word_1_141' title='bbox 1772 1902 2079 1965; x_wconf 90' lang='lat' dir='ltr'>maiorem</span> <span class='ocrx_word' id='word_1_142' title='bbox 2106 1902 2412 1983; x_wconf 88' lang='lat' dir='ltr'>promissi</span> <span class='ocrx_word' id='word_1_143' title='bbox 2440 1900 2721 1965; x_wconf 88' lang='lat' dir='ltr'>muneris</span> 
     </span>
     <span class='ocr_line' id='line_1_19' title="bbox 214 1985 2724 2071; baseline -0.002 -15"><span class='ocrx_word' id='word_1_144' title='bbox 214 2009 237 2034; x_wconf 79' lang='lat'>²·</span> <span class='ocrx_word' id='word_1_145' title='bbox 265 2012 338 2056; x_wconf 78' lang='lat' dir='ltr'>roz.</span> <span class='ocrx_word' id='word_1_146' title='bbox 356 2010 438 2055; x_wconf 59' lang='grc' dir='ltr'>εει</span> <span class='ocrx_word' id='word_1_147' title='bbox 462 1988 978 2070; x_wconf 83' lang='lat' dir='ltr'>desperationem</span> <span class='ocrx_word' id='word_1_148' title='bbox 1048 1986 1340 2052; x_wconf 85' lang='lat' dir='ltr'>*veniens</span> <span class='ocrx_word' id='word_1_149' title='bbox 1428 1988 1746 2069; x_wconf 87' lang='lat' dir='ltr'>paulatim</span> <span class='ocrx_word' id='word_1_150' title='bbox 1830 2007 1897 2051; x_wconf 91' lang='lat' dir='ltr'>se</span> <span class='ocrx_word' id='word_1_151' title='bbox 1975 1987 2059 2052; x_wconf 92' lang='lat' dir='ltr'>ab</span> <span class='ocrx_word' id='word_1_152' title='bbox 2129 1988 2297 2071; x_wconf 88' lang='lat' dir='ltr'>regis</span> <span class='ocrx_word' id='word_1_153' title='bbox 2366 1985 2724 2053; x_wconf 83' lang='lat' dir='ltr'>substraxit</span> 
     </span>
     <span class='ocr_line' id='line_1_20' title="bbox 463 2071 2721 2156; baseline -0.001 -17"><span class='ocrx_word' id='word_1_154' title='bbox 463 2074 939 2150; x_wconf 80' lang='lat' dir='ltr'>familiaritate3</span> <span class='ocrx_word' id='word_1_155' title='bbox 995 2073 1466 2156; x_wconf 86' lang='lat' dir='ltr'>comitaturque</span> <span class='ocrx_word' id='word_1_156' title='bbox 1508 2078 1725 2137; x_wconf 88' lang='lat' dir='ltr'>tamen</span> <span class='ocrx_word' id='word_1_157' title='bbox 1766 2094 1981 2155; x_wconf 86' lang='lat' dir='ltr'>regem</span> <span class='ocrx_word' id='word_1_158' title='bbox 2026 2071 2107 2138; x_wconf 90' lang='lat' dir='ltr'>ab</span> <span class='ocrx_word' id='word_1_159' title='bbox 2153 2072 2531 2137; x_wconf 86' lang='lat' dir='ltr'>Alemannia</span> <span class='ocrx_word' id='word_1_160' title='bbox 2572 2091 2721 2156; x_wconf 89' lang='lat' dir='ltr'>pro·</span> 
     </span>
     <span class='ocr_line' id='line_1_21' title="bbox 463 2157 2247 2243; baseline -0.001 -18"><span class='ocrx_word' id='word_1_161' title='bbox 463 2157 855 2225; x_wconf 88' lang='lat' dir='ltr'>ficiscentem</span> <span class='ocrx_word' id='word_1_162' title='bbox 900 2159 966 2223; x_wconf 88' lang='lat' dir='ltr'>in</span> <span class='ocrx_word' id='word_1_163' title='bbox 1010 2158 1368 2236; x_wconf 89' lang='lat' dir='ltr'>Franciam,</span> <span class='ocrx_word' id='word_1_164' title='bbox 1413 2162 1639 2241; x_wconf 86' lang='lat' dir='ltr'>postea</span> <span class='ocrx_word' id='word_1_165' title='bbox 1682 2157 1764 2222; x_wconf 88' lang='lat' dir='ltr'>ad</span> <span class='ocrx_word' id='word_1_166' title='bbox 1810 2159 2247 2243; x_wconf 87' lang='lat' dir='ltr'>Thuringiam.</span> 
     </span>
    </p>
   </div>
   <div class='ocr_carea' id='block_1_4' title="bbox 462 2259 2726 2760">
    <p class='ocr_par' dir='ltr' id='par_1_4' title="bbox 462 2259 2726 2760">
     <span class='ocr_line' id='line_1_22' title="bbox 638 2259 2723 2347; baseline -0.001 -22"><span class='ocrx_word' id='word_1_167' title='bbox 638 2260 756 2347; x_wconf 82' lang='lat'>(9.)</span> <span class='ocrx_word' id='word_1_168' title='bbox 835 2260 937 2325; x_wconf 92' lang='lat' dir='ltr'>Ibi</span> <span class='ocrx_word' id='word_1_169' title='bbox 987 2267 1166 2326; x_wconf 62' lang='lat' dir='ltr'>tum&amp;</span> <span class='ocrx_word' id='word_1_170' title='bbox 1217 2259 1688 2339; x_wconf 80' lang='lat' dir='ltr'>willehelmus,</span> <span class='ocrx_word' id='word_1_171' title='bbox 1746 2260 2240 2345; x_wconf 82' lang='lat' dir='ltr'>&#39;l&#39;huringiorum</span> <span class='ocrx_word' id='word_1_172' title='bbox 2294 2267 2449 2326; x_wconf 88' lang='lat' dir='ltr'>tunc</span> <span class='ocrx_word' id='word_1_173' title='bbox 2498 2266 2723 2344; x_wconf 89' lang='lat' dir='ltr'>poten-</span> 
     </span>
     <span class='ocr_line' id='line_1_23' title="bbox 462 2344 2724 2431; baseline -0.002 -19"><span class='ocrx_word' id='word_1_174' title='bbox 462 2346 750 2412; x_wconf 86' lang='lat' dir='ltr'>tissimus</span> <span class='ocrx_word' id='word_1_175' title='bbox 762 2344 813 2426; x_wconf 83' lang='lat'>³,</span> <span class='ocrx_word' id='word_1_176' title='bbox 848 2345 1100 2412; x_wconf 84' lang='lat' dir='ltr'>obviam</span> <span class='ocrx_word' id='word_1_177' title='bbox 1125 2367 1396 2431; x_wconf 85' lang='lat' dir='ltr'>pergens</span> <span class='ocrx_word' id='word_1_178' title='bbox 1428 2346 1884 2430; x_wconf 89' lang='lat' dir='ltr'>dominumque</span> <span class='ocrx_word' id='word_1_179' title='bbox 1923 2350 2279 2412; x_wconf 86' lang='lat' dir='ltr'>venientem</span> <span class='ocrx_word' id='word_1_180' title='bbox 2316 2367 2461 2410; x_wconf 91' lang='lat' dir='ltr'>cum</span> <span class='ocrx_word' id='word_1_181' title='bbox 2488 2365 2724 2428; x_wconf 88' lang='lat' dir='ltr'>magna</span> 
     </span>
     <span class='ocr_line' id='line_1_24' title="bbox 505 2430 2723 2516; baseline -0.001 -19"><span class='ocrx_word' id='word_1_182' title='bbox 505 2432 900 2499; x_wconf 87' lang='lat' dir='ltr'>ratulatione</span> <span class='ocrx_word' id='word_1_183' title='bbox 945 2433 1298 2514; x_wconf 91' lang='lat' dir='ltr'>suscipiens</span> <span class='ocrx_word' id='word_1_184' title='bbox 1350 2433 1563 2516; x_wconf 81' lang='lat' dir='ltr'>regis1²</span> <span class='ocrx_word' id='word_1_185' title='bbox 1608 2430 1903 2501; x_wconf 89' lang='lat' dir='ltr'>efficitur.</span> <span class='ocrx_word' id='word_1_186' title='bbox 2004 2431 2101 2497; x_wconf 91' lang='lat' dir='ltr'>Ibi</span> <span class='ocrx_word' id='word_1_187' title='bbox 2144 2438 2299 2497; x_wconf 88' lang='lat' dir='ltr'>tunc</span> <span class='ocrx_word' id='word_1_188' title='bbox 2342 2452 2457 2495; x_wconf 81' lang='lat' dir='ltr'>rex</span> <span class='ocrx_word' id='word_1_189' title='bbox 2500 2451 2541 2495; x_wconf 87' lang='lat' dir='ltr'>a</span> <span class='ocrx_word' id='word_1_190' title='bbox 2585 2451 2723 2514; x_wconf 90' lang='lat' dir='ltr'>pre·</span> 
     </span>
     <span class='ocr_line' id='line_1_25' title="bbox 462 2454 2723 2603; baseline -0.002 -18"><span class='ocrx_word' id='word_1_191' title='bbox 462 2454 600 2585; x_wconf 45' lang='lat' dir='ltr'>{ato</span> <span class='ocrx_word' id='word_1_192' title='bbox 629 2519 863 2586; x_wconf 89' lang='lat' dir='ltr'>comite</span> <span class='ocrx_word' id='word_1_193' title='bbox 890 2524 958 2585; x_wconf 91' lang='lat' dir='ltr'>et</span> <span class='ocrx_word' id='word_1_194' title='bbox 983 2541 1024 2584; x_wconf 88' lang='lat' dir='ltr'>a</span> <span class='ocrx_word' id='word_1_195' title='bbox 1049 2518 1276 2602; x_wconf 90' lang='lat' dir='ltr'>primis</span> <span class='ocrx_word' id='word_1_196' title='bbox 1300 2518 1504 2583; x_wconf 75' lang='lat' dir='ltr'>illius³</span> <span class='ocrx_word' id='word_1_197' title='bbox 1527 2519 1810 2603; x_wconf 88' lang='lat' dir='ltr'>regionis</span> <span class='ocrx_word' id='word_1_198' title='bbox 1838 2518 2262 2586; x_wconf 86' lang='lat' dir='ltr'>conlaudatur</span> <span class='ocrx_word' id='word_1_199' title='bbox 2296 2518 2363 2583; x_wconf 91' lang='lat' dir='ltr'>in</span> <span class='ocrx_word' id='word_1_200' title='bbox 2391 2517 2723 2583; x_wconf 84' lang='lat' dir='ltr'>dominum</span> 
     </span>
     <span class='ocr_line' id='line_1_26' title="bbox 465 2603 2726 2736; baseline -0.001 -65"><span class='ocrx_word' id='word_1_201' title='bbox 465 2613 530 2671; x_wconf 90' lang='lat' dir='ltr'>et</span> <span class='ocrx_word' id='word_1_202' title='bbox 571 2606 655 2671; x_wconf 90' lang='lat' dir='ltr'>ab</span> <span class='ocrx_word' id='word_1_203' title='bbox 698 2606 873 2736; x_wconf 50' lang='lat' dir='ltr'>orlnni</span> <span class='ocrx_word' id='word_1_204' title='bbox 926 2605 1164 2688; x_wconf 90' lang='lat' dir='ltr'>populo</span> <span class='ocrx_word' id='word_1_205' title='bbox 1207 2604 1510 2688; x_wconf 80' lang='lat' dir='ltr'>rogatusk</span> <span class='ocrx_word' id='word_1_206' title='bbox 1562 2604 1850 2670; x_wconf 88' lang='lat' dir='ltr'>debitum</span> <span class='ocrx_word' id='word_1_207' title='bbox 1909 2606 2011 2670; x_wconf 90' lang='lat' dir='ltr'>his</span> <span class='ocrx_word' id='word_1_208' title='bbox 2062 2606 2434 2691; x_wconf 85' lang='lat' dir='ltr'>porcorum¹</span> <span class='ocrx_word' id='word_1_209' title='bbox 2476 2603 2726 2669; x_wconf 88' lang='lat' dir='ltr'>remisit</span> 
     </span>
     <span class='ocr_line' id='line_1_27' title="bbox 465 2713 791 2760; baseline 0.006 -2"><span class='ocrx_word' id='word_1_210' title='bbox 465 2713 726 2758; x_wconf 89' lang='lat' dir='ltr'>censum</span> <span class='ocrx_word' id='word_1_211' title='bbox 773 2743 791 2760; x_wconf 90' lang='lat'><strong>.</strong></span> 
     </span>
    </p>
   </div>
   <div class='ocr_carea' id='block_1_5' title="bbox 235 2791 2727 3476">
    <p class='ocr_par' dir='ltr' id='par_1_5' title="bbox 235 2791 2727 3476">
     <span class='ocr_line' id='line_1_28' title="bbox 640 2791 2723 2877; baseline -0.003 -16"><span class='ocrx_word' id='word_1_212' title='bbox 640 2796 739 2861; x_wconf 79' lang='lat'>15.</span> <span class='ocrx_word' id='word_1_213' title='bbox 811 2791 970 2856; x_wconf 89' lang='lat' dir='ltr'>Inde</span> <span class='ocrx_word' id='word_1_214' title='bbox 1013 2791 1388 2876; x_wconf 88' lang='lat' dir='ltr'>Merseburg</span> <span class='ocrx_word' id='word_1_215' title='bbox 1443 2791 1705 2857; x_wconf 87' lang='lat' dir='ltr'>veniens</span> <span class='ocrx_word' id='word_1_216' title='bbox 1756 2798 2093 2877; x_wconf 88' lang='lat' dir='ltr'>susceptus</span> <span class='ocrx_word' id='word_1_217' title='bbox 2137 2800 2237 2857; x_wconf 89' lang='lat' dir='ltr'>est</span> <span class='ocrx_word' id='word_1_218' title='bbox 2284 2791 2367 2858; x_wconf 90' lang='lat' dir='ltr'>ab</span> <span class='ocrx_word' id='word_1_219' title='bbox 2412 2792 2723 2858; x_wconf 91' lang='lat' dir='ltr'>Heimone</span> 
     </span>
     <span class='ocr_line' id='line_1_29' title="bbox 465 2875 2723 2962; baseline -0.002 -18"><span class='ocrx_word' id='word_1_220' title='bbox 465 2878 702 2944; x_wconf 86' lang='lat' dir='ltr'>abbate</span> <span class='ocrx_word' id='word_1_221' title='bbox 748 2884 814 2942; x_wconf 86' lang='lat' dir='ltr'>et</span> <span class='ocrx_word' id='word_1_222' title='bbox 866 2899 906 2942; x_wconf 90' lang='lat' dir='ltr'>a</span> <span class='ocrx_word' id='word_1_223' title='bbox 959 2875 1135 2942; x_wconf 80' lang='lat' dir='ltr'>fideli</span> <span class='ocrx_word' id='word_1_224' title='bbox 1189 2880 1426 2942; x_wconf 84' lang='lat' dir='ltr'>suimet</span> <span class='ocrx_word' id='word_1_225' title='bbox 1476 2878 1711 2942; x_wconf 88' lang='lat' dir='ltr'>comite</span> <span class='ocrx_word' id='word_1_226' title='bbox 1756 2877 2053 2957; x_wconf 87' lang='lat' dir='ltr'>Esicone,</span> <span class='ocrx_word' id='word_1_227' title='bbox 2114 2878 2225 2962; x_wconf 89' lang='lat' dir='ltr'>qui</span> <span class='ocrx_word' id='word_1_228' title='bbox 2278 2877 2502 2942; x_wconf 87' lang='lat' dir='ltr'>urbem</span> <span class='ocrx_word' id='word_1_229' title='bbox 2555 2876 2723 2942; x_wconf 90' lang='lat' dir='ltr'>hanc</span> 
     </span>
     <span class='ocr_line' id='line_1_30' title="bbox 467 2961 2725 3048; baseline -0.001 -18"><span class='ocrx_word' id='word_1_230' title='bbox 467 2974 534 3030; x_wconf 90' lang='lat' dir='ltr'>et</span> <span class='ocrx_word' id='word_1_231' title='bbox 595 2963 877 3028; x_wconf 80' lang='lat' dir='ltr'>Aletidi⁵</span> <span class='ocrx_word' id='word_1_232' title='bbox 945 2984 1024 3028; x_wconf 90' lang='lat' dir='ltr'>ac</span> <span class='ocrx_word' id='word_1_233' title='bbox 1091 2961 1546 3046; x_wconf 72' lang='lat' dir='ltr'>Thornburgm·</span> <span class='ocrx_word' id='word_1_234' title='bbox 1562 2962 1595 3010; x_wconf 77' lang='grc'><strong>6</strong></span> <span class='ocrx_word' id='word_1_235' title='bbox 1672 2984 1819 3030; x_wconf 88' lang='lat' dir='ltr'>cum</span> <span class='ocrx_word' id='word_1_236' title='bbox 1902 2966 2399 3048; x_wconf 87' lang='lat' dir='ltr'>appertinenciis</span> <span class='ocrx_word' id='word_1_237' title='bbox 2474 2964 2725 3028; x_wconf 86' lang='lat' dir='ltr'>vivente</span> 
     </span>
     <span class='ocr_line' id='line_1_31' title="bbox 466 3049 2724 3134; baseline -0 -20"><span class='ocrx_word' id='word_1_238' title='bbox 466 3049 841 3114; x_wconf 85' lang='lat' dir='ltr'>Ekkibardo</span> <span class='ocrx_word' id='word_1_239' title='bbox 869 3049 1118 3132; x_wconf 87' lang='lat' dir='ltr'>hocque</span> <span class='ocrx_word' id='word_1_240' title='bbox 1147 3050 1430 3132; x_wconf 79' lang='lat' dir='ltr'>graviter</span> <span class='ocrx_word' id='word_1_241' title='bbox 1454 3049 1702 3114; x_wconf 83' lang='lat' dir='ltr'>ferente</span> <span class='ocrx_word' id='word_1_242' title='bbox 1743 3049 2013 3115; x_wconf 84' lang='lat' dir='ltr'>viriliter</span> <span class='ocrx_word' id='word_1_243' title='bbox 2028 3071 2233 3134; x_wconf 91' lang='lat' dir='ltr'>usque</span> <span class='ocrx_word' id='word_1_244' title='bbox 2250 3051 2319 3114; x_wconf 93' lang='lat' dir='ltr'>in</span> <span class='ocrx_word' id='word_1_245' title='bbox 2334 3050 2724 3134; x_wconf 86' lang='lat' dir='ltr'>presentiam</span> 
     </span>
     <span class='ocr_line' id='line_1_32' title="bbox 468 3133 2725 3220; baseline -0.001 -19"><span class='ocrx_word' id='word_1_246' title='bbox 468 3137 674 3220; x_wconf 85' lang='lat' dir='ltr'>optati</span> <span class='ocrx_word' id='word_1_247' title='bbox 718 3136 989 3200; x_wconf 83' lang='lat' dir='ltr'>senioris</span> <span class='ocrx_word' id='word_1_248' title='bbox 1043 3137 1334 3201; x_wconf 85' lang='lat' dir='ltr'>servavit.</span> <span class='ocrx_word' id='word_1_249' title='bbox 1420 3133 1565 3199; x_wconf 88' lang='lat' dir='ltr'>Huc</span> <span class='ocrx_word' id='word_1_250' title='bbox 1616 3134 2000 3201; x_wconf 88' lang='lat' dir='ltr'>conveniunt</span> <span class='ocrx_word' id='word_1_251' title='bbox 2055 3135 2526 3220; x_wconf 89' lang='lat' dir='ltr'>archiepiscopi</span> <span class='ocrx_word' id='word_1_252' title='bbox 2582 3134 2725 3200; x_wconf 90' lang='lat' dir='ltr'>Lie-</span> 
     </span>
     <span class='ocr_line' id='line_1_33' title="bbox 465 3218 2727 3305; baseline -0 -20"><span class='ocrx_word' id='word_1_253' title='bbox 465 3225 646 3286; x_wconf 79' lang='lat' dir='ltr'>vizo¹²</span> <span class='ocrx_word' id='word_1_254' title='bbox 671 3220 1034 3286; x_wconf 89' lang='lat' dir='ltr'>Bremensis</span> <span class='ocrx_word' id='word_1_255' title='bbox 1071 3227 1136 3285; x_wconf 91' lang='lat' dir='ltr'>et</span> <span class='ocrx_word' id='word_1_256' title='bbox 1161 3218 1476 3285; x_wconf 84' lang='lat' dir='ltr'>Gisilerus</span> <span class='ocrx_word' id='word_1_257' title='bbox 1514 3219 2236 3305; x_wconf 85' lang='lat' dir='ltr'>Magadaburhgiensis⁰</span> <span class='ocrx_word' id='word_1_258' title='bbox 2272 3243 2415 3286; x_wconf 89' lang='lat' dir='ltr'>cum</span> <span class='ocrx_word' id='word_1_259' title='bbox 2453 3221 2727 3286; x_wconf 89' lang='lat' dir='ltr'>caeteris</span> 
     </span>
     <span class='ocr_line' id='line_1_34' title="bbox 235 3305 2726 3386; baseline 0.001 -18"><span class='ocrx_word' id='word_1_260' title='bbox 235 3328 258 3353; x_wconf 75' lang='lat'>*</span> <span class='ocrx_word' id='word_1_261' title='bbox 278 3341 329 3380; x_wconf 72' lang='lat' dir='ltr'>p.</span> <span class='ocrx_word' id='word_1_262' title='bbox 349 3327 442 3370; x_wconf 63' lang='grc' dir='ltr'>τοῦ.</span> <span class='ocrx_word' id='word_1_263' title='bbox 472 3306 920 3386; x_wconf 86' lang='lat' dir='ltr'>confratribus,</span> <span class='ocrx_word' id='word_1_264' title='bbox 957 3305 1262 3371; x_wconf 86' lang='lat' dir='ltr'>Rethario</span> <span class='ocrx_word' id='word_1_265' title='bbox 1298 3305 1867 3385; x_wconf 75' lang='lat' dir='ltr'>Patheburnensil&#39;,</span> <span class='ocrx_word' id='word_1_266' title='bbox 1894 3307 1917 3329; x_wconf 84' lang='lat'>*</span> <span class='ocrx_word' id='word_1_267' title='bbox 1936 3307 2355 3373; x_wconf 82' lang='lat' dir='ltr'>Bernwardoq</span> <span class='ocrx_word' id='word_1_268' title='bbox 2388 3307 2726 3372; x_wconf 73' lang='lat' dir='ltr'>Hiilinese-</span> 
     </span>
     <span class='ocr_line' id='line_1_35' title="bbox 468 3391 2727 3476; baseline -0.001 -17"><span class='ocrx_word' id='word_1_269' title='bbox 468 3395 691 3472; x_wconf 86' lang='lat' dir='ltr'>mensi,</span> <span class='ocrx_word' id='word_1_270' title='bbox 729 3392 998 3458; x_wconf 84' lang='lat' dir='ltr'>Arnulfo</span> <span class='ocrx_word' id='word_1_271' title='bbox 1035 3391 1561 3472; x_wconf 87' lang='lat' dir='ltr'>Halverstidensi,</span> <span class='ocrx_word' id='word_1_272' title='bbox 1598 3391 1979 3457; x_wconf 86' lang='lat' dir='ltr'>Ramwardo</span> <span class='ocrx_word' id='word_1_273' title='bbox 2009 3393 2409 3475; x_wconf 81' lang='lat' dir='ltr'>[Mindensi7,</span> <span class='ocrx_word' id='word_1_274' title='bbox 2446 3391 2684 3476; x_wconf 86' lang='lat' dir='ltr'>Egedo]</span> <span class='ocrx_word' id='word_1_275' title='bbox 2703 3401 2727 3432; x_wconf 74' lang='lat' dir='ltr'>r</span> 
     </span>
    </p>
   </div>
   <div class='ocr_carea' id='block_1_6' title="bbox 467 3553 2729 3874">
    <p class='ocr_par' dir='ltr' id='par_1_6' title="bbox 467 3553 2729 3874">
     <span class='ocr_line' id='line_1_36' title="bbox 470 3553 2723 3614; baseline -0 -18"><span class='ocrx_word' id='word_1_276' title='bbox 470 3554 516 3606; x_wconf 80' lang='lat' dir='ltr'>a)</span> <span class='ocrx_word' id='word_1_277' title='bbox 549 3557 612 3595; x_wconf 77' lang='lat' dir='ltr'>ita</span> <span class='ocrx_word' id='word_1_278' title='bbox 644 3554 696 3595; x_wconf 89' lang='lat' dir='ltr'>A.</span> <span class='ocrx_word' id='word_1_279' title='bbox 725 3556 796 3606; x_wconf 84' lang='lat' dir='ltr'>S.;</span> <span class='ocrx_word' id='word_1_280' title='bbox 841 3553 970 3605; x_wconf 70' lang='lat' dir='ltr'>spen-fi</span> <span class='ocrx_word' id='word_1_281' title='bbox 995 3553 1044 3606; x_wconf 74' lang='lat' dir='ltr'>(i.</span> <span class='ocrx_word' id='word_1_282' title='bbox 1074 3567 1111 3597; x_wconf 76' lang='lat' dir='ltr'>e.</span> <span class='ocrx_word' id='word_1_283' title='bbox 1149 3554 1337 3606; x_wconf 76' lang='lat' dir='ltr'>spei-vit)</span> <span class='ocrx_word' id='word_1_284' title='bbox 1370 3555 1423 3605; x_wconf 89' lang='lat' dir='ltr'>A,</span> <span class='ocrx_word' id='word_1_285' title='bbox 1466 3555 1561 3604; x_wconf 80' lang='lat' dir='ltr'>spei</span> <span class='ocrx_word' id='word_1_286' title='bbox 1595 3555 1787 3596; x_wconf 72' lang='lat' dir='ltr'>radendo</span> <span class='ocrx_word' id='word_1_287' title='bbox 1811 3558 1919 3614; x_wconf 72' lang='lat' dir='ltr'>algo.</span> <span class='ocrx_word' id='word_1_288' title='bbox 1946 3567 2053 3596; x_wconf 78' lang='lat' dir='ltr'>corr.</span> <span class='ocrx_word' id='word_1_289' title='bbox 2182 3556 2229 3606; x_wconf 89' lang='lat' dir='ltr'>b)</span> <span class='ocrx_word' id='word_1_290' title='bbox 2254 3559 2315 3596; x_wconf 73' lang='lat' dir='ltr'>ita</span> <span class='ocrx_word' id='word_1_291' title='bbox 2352 3557 2406 3606; x_wconf 90' lang='lat' dir='ltr'>V,·</span> <span class='ocrx_word' id='word_1_292' title='bbox 2434 3565 2646 3605; x_wconf 81' lang='lat' dir='ltr'>curesque</span> <span class='ocrx_word' id='word_1_293' title='bbox 2668 3555 2723 3597; x_wconf 82' lang='grc' dir='ltr'>Δ.</span> 
     </span>
     <span class='ocr_line' id='line_1_37' title="bbox 471 3614 2724 3672; baseline 0 -17"><span class='ocrx_word' id='word_1_294' title='bbox 471 3615 770 3672; x_wconf 52' lang='lat' dir='ltr'>&amp;francum</span> <span class='ocrx_word' id='word_1_295' title='bbox 786 3615 825 3654; x_wconf 99' lang='lat' dir='ltr'>A</span> <span class='ocrx_word' id='word_1_296' title='bbox 849 3617 1032 3665; x_wconf 64' lang='grc' dir='ltr'>σοφίαι.</span> <span class='ocrx_word' id='word_1_297' title='bbox 1125 3614 1172 3666; x_wconf 87' lang='lat' dir='ltr'>d)</span> <span class='ocrx_word' id='word_1_298' title='bbox 1197 3617 1258 3654; x_wconf 74' lang='lat' dir='ltr'>ita</span> <span class='ocrx_word' id='word_1_299' title='bbox 1284 3616 1341 3664; x_wconf 85' lang='lat' dir='ltr'>V‚·</span> <span class='ocrx_word' id='word_1_300' title='bbox 1366 3616 1575 3656; x_wconf 73' lang='lat' dir='ltr'>heinricis</span> <span class='ocrx_word' id='word_1_301' title='bbox 1594 3615 1647 3656; x_wconf 85' lang='lat' dir='ltr'>A.</span> <span class='ocrx_word' id='word_1_302' title='bbox 1737 3615 1783 3667; x_wconf 85' lang='lat' dir='ltr'>e)</span> <span class='ocrx_word' id='word_1_303' title='bbox 1808 3615 1872 3656; x_wconf 67' lang='grc' dir='ltr'>ἧι</span> <span class='ocrx_word' id='word_1_304' title='bbox 1896 3616 1947 3665; x_wconf 90' lang='lat' dir='ltr'>A,</span> <span class='ocrx_word' id='word_1_305' title='bbox 1971 3627 2053 3666; x_wconf 76' lang='lat' dir='ltr'>quo</span> <span class='ocrx_word' id='word_1_306' title='bbox 2080 3628 2198 3658; x_wconf 71' lang='lat' dir='ltr'>eraso</span> <span class='ocrx_word' id='word_1_307' title='bbox 2233 3618 2267 3657; x_wconf 88' lang='lat' dir='ltr'><strong><em>V</em></strong></span> <span class='ocrx_word' id='word_1_308' title='bbox 2283 3621 2381 3668; x_wconf 70' lang='lat' dir='ltr'>poet</span> <span class='ocrx_word' id='word_1_309' title='bbox 2406 3616 2593 3659; x_wconf 72' lang='lat' dir='ltr'>alienam</span> <span class='ocrx_word' id='word_1_310' title='bbox 2620 3616 2724 3656; x_wconf 79' lang='lat' dir='ltr'>add.</span> 
     </span>
     <span class='ocr_line' id='line_1_38' title="bbox 469 3665 2729 3719; baseline -0 -12"><span class='ocrx_word' id='word_1_311' title='bbox 469 3666 601 3717; x_wconf 70' lang='lat' dir='ltr'>met53</span> <span class='ocrx_word' id='word_1_312' title='bbox 628 3667 681 3706; x_wconf 92' lang='lat' dir='ltr'>A.</span> <span class='ocrx_word' id='word_1_313' title='bbox 701 3668 749 3708; x_wconf 87' lang='lat' dir='ltr'>S.</span> <span class='ocrx_word' id='word_1_314' title='bbox 776 3666 959 3707; x_wconf 63' lang='lat' dir='ltr'>abibat.-</span> <span class='ocrx_word' id='word_1_315' title='bbox 986 3665 1526 3715; x_wconf 69' lang='lat' dir='ltr'>suimet—dignationem.</span> <span class='ocrx_word' id='word_1_316' title='bbox 1631 3665 1670 3718; x_wconf 78' lang='lat' dir='ltr'>t)</span> <span class='ocrx_word' id='word_1_317' title='bbox 1696 3667 1959 3707; x_wconf 70' lang='lat' dir='ltr'>satisfacere</span> <span class='ocrx_word' id='word_1_318' title='bbox 1987 3670 2026 3708; x_wconf 86' lang='lat'>1.</span> <span class='ocrx_word' id='word_1_319' title='bbox 2132 3668 2175 3718; x_wconf 76' lang='lat' dir='ltr'>g)</span> <span class='ocrx_word' id='word_1_320' title='bbox 2200 3679 2365 3708; x_wconf 69' lang='lat' dir='ltr'>erasum</span> <span class='ocrx_word' id='word_1_321' title='bbox 2386 3673 2421 3709; x_wconf 87' lang='lat'>1.</span> <span class='ocrx_word' id='word_1_322' title='bbox 2530 3670 2574 3719; x_wconf 82' lang='lat' dir='ltr'>b)</span> <span class='ocrx_word' id='word_1_323' title='bbox 2600 3668 2729 3706; x_wconf 82' lang='lat' dir='ltr'>miles</span> 
     </span>
     <span class='ocr_line' id='line_1_39' title="bbox 469 3717 2723 3771; baseline 0 -12"><span class='ocrx_word' id='word_1_324' title='bbox 469 3717 572 3760; x_wconf 76' lang='lat' dir='ltr'>add.</span> <span class='ocrx_word' id='word_1_325' title='bbox 605 3719 647 3758; x_wconf 79' lang='lat'>1⁷.</span> <span class='ocrx_word' id='word_1_326' title='bbox 759 3717 796 3770; x_wconf 83' lang='lat'>1)</span> <span class='ocrx_word' id='word_1_327' title='bbox 821 3718 912 3759; x_wconf 71' lang='lat' dir='ltr'>illis</span> <span class='ocrx_word' id='word_1_328' title='bbox 940 3721 980 3759; x_wconf 86' lang='lat'>1.</span> <span class='ocrx_word' id='word_1_329' title='bbox 1095 3717 1143 3769; x_wconf 80' lang='lat' dir='ltr'>k)</span> <span class='ocrx_word' id='word_1_330' title='bbox 1169 3722 1346 3766; x_wconf 67' lang='lat' dir='ltr'>regatur</span> <span class='ocrx_word' id='word_1_331' title='bbox 1372 3719 1424 3768; x_wconf 88' lang='lat' dir='ltr'>A,</span> <span class='ocrx_word' id='word_1_332' title='bbox 1451 3729 1559 3758; x_wconf 78' lang='lat' dir='ltr'>corr.</span> <span class='ocrx_word' id='word_1_333' title='bbox 1584 3719 1632 3758; x_wconf 81' lang='grc' dir='ltr'>Τ.</span> <span class='ocrx_word' id='word_1_334' title='bbox 1746 3719 1781 3770; x_wconf 90' lang='grc'>1)</span> <span class='ocrx_word' id='word_1_335' title='bbox 1808 3731 1932 3758; x_wconf 68' lang='lat' dir='ltr'>erasa</span> <span class='ocrx_word' id='word_1_336' title='bbox 1957 3719 2061 3760; x_wconf 72' lang='lat' dir='ltr'>haee</span> <span class='ocrx_word' id='word_1_337' title='bbox 2084 3730 2166 3760; x_wconf 72' lang='grc' dir='ltr'>νοω</span> <span class='ocrx_word' id='word_1_338' title='bbox 2190 3721 2238 3760; x_wconf 76' lang='lat' dir='ltr'>in</span> <span class='ocrx_word' id='word_1_339' title='bbox 2264 3723 2312 3771; x_wconf 71' lang='grc' dir='ltr'>ις</span> <span class='ocrx_word' id='word_1_340' title='bbox 2337 3721 2410 3760; x_wconf 70' lang='lat' dir='ltr'>sed</span> <span class='ocrx_word' id='word_1_341' title='bbox 2436 3720 2586 3760; x_wconf 74' lang='lat' dir='ltr'>habent</span> <span class='ocrx_word' id='word_1_342' title='bbox 2610 3719 2723 3760; x_wconf 72' lang='lat' dir='ltr'>Ama.</span> 
     </span>
     <span class='ocr_line' id='line_1_40' title="bbox 467 3770 2727 3822; baseline 0 -11"><span class='ocrx_word' id='word_1_343' title='bbox 467 3771 583 3811; x_wconf 67' lang='lat' dir='ltr'>Saxo</span> <span class='ocrx_word' id='word_1_344' title='bbox 615 3773 654 3808; x_wconf 72' lang='lat' dir='ltr'>ee</span> <span class='ocrx_word' id='word_1_345' title='bbox 682 3771 723 3821; x_wconf 77' lang='lat'>2,</span> <span class='ocrx_word' id='word_1_346' title='bbox 748 3772 822 3810; x_wconf 75' lang='lat' dir='ltr'>ubi</span> <span class='ocrx_word' id='word_1_347' title='bbox 857 3770 1032 3822; x_wconf 74' lang='lat' dir='ltr'>leqieur:</span> <span class='ocrx_word' id='word_1_348' title='bbox 1073 3773 1251 3817; x_wconf 77' lang='lat' dir='ltr'>rogatur</span> <span class='ocrx_word' id='word_1_349' title='bbox 1285 3770 1480 3810; x_wconf 79' lang='lat' dir='ltr'>debitum</span> <span class='ocrx_word' id='word_1_350' title='bbox 1513 3780 1693 3810; x_wconf 76' lang='lat' dir='ltr'>censum</span> <span class='ocrx_word' id='word_1_351' title='bbox 1723 3781 1949 3822; x_wconf 82' lang='lat' dir='ltr'>porcorum</span> <span class='ocrx_word' id='word_1_352' title='bbox 1978 3773 2070 3811; x_wconf 75' lang='lat' dir='ltr'>illis</span> <span class='ocrx_word' id='word_1_353' title='bbox 2095 3771 2337 3822; x_wconf 49' lang='lat' dir='ltr'>(dimittere,</span> <span class='ocrx_word' id='word_1_354' title='bbox 2376 3771 2490 3822; x_wconf 84' lang='lat' dir='ltr'>quod</span> <span class='ocrx_word' id='word_1_355' title='bbox 2524 3774 2569 3811; x_wconf 84' lang='lat' dir='ltr'>et</span> <span class='ocrx_word' id='word_1_356' title='bbox 2604 3771 2727 3812; x_wconf 76' lang='lat' dir='ltr'>fecit.</span> 
     </span>
     <span class='ocr_line' id='line_1_41' title="bbox 468 3820 2726 3874; baseline -0.001 -11"><span class='ocrx_word' id='word_1_357' title='bbox 468 3822 533 3874; x_wconf 87' lang='lat' dir='ltr'>m)</span> <span class='ocrx_word' id='word_1_358' title='bbox 560 3833 589 3861; x_wconf 88' lang='lat' dir='ltr'>n</span> <span class='ocrx_word' id='word_1_359' title='bbox 615 3823 718 3862; x_wconf 81' lang='lat' dir='ltr'>add.</span> <span class='ocrx_word' id='word_1_360' title='bbox 743 3824 790 3863; x_wconf 81' lang='lat' dir='ltr'>T.</span> <span class='ocrx_word' id='word_1_361' title='bbox 919 3820 970 3872; x_wconf 84' lang='lat' dir='ltr'>n)</span> <span class='ocrx_word' id='word_1_362' title='bbox 993 3821 1143 3860; x_wconf 77' lang='lat' dir='ltr'>luuizo</span> <span class='ocrx_word' id='word_1_363' title='bbox 1168 3821 1358 3861; x_wconf 77' lang='lat' dir='ltr'>rade-ndo</span> <span class='ocrx_word' id='word_1_364' title='bbox 1382 3823 1488 3872; x_wconf 76' lang='lat' dir='ltr'>alqe.</span> <span class='ocrx_word' id='word_1_365' title='bbox 1517 3833 1628 3862; x_wconf 78' lang='lat' dir='ltr'>corr.</span> <span class='ocrx_word' id='word_1_366' title='bbox 1750 3823 1793 3869; x_wconf 88' lang='lat' dir='ltr'>o)</span> <span class='ocrx_word' id='word_1_367' title='bbox 1826 3823 1857 3862; x_wconf 84' lang='lat' dir='ltr'><strong>h</strong></span> <span class='ocrx_word' id='word_1_368' title='bbox 1883 3821 1986 3862; x_wconf 73' lang='lat' dir='ltr'>aaa.</span> <span class='ocrx_word' id='word_1_369' title='bbox 2010 3825 2059 3863; x_wconf 80' lang='grc' dir='ltr'>Τ.</span> <span class='ocrx_word' id='word_1_370' title='bbox 2180 3823 2227 3874; x_wconf 82' lang='lat' dir='ltr'>p)</span> <span class='ocrx_word' id='word_1_371' title='bbox 2253 3823 2647 3873; x_wconf 72' lang='lat' dir='ltr'>patheburhgiensi</span> <span class='ocrx_word' id='word_1_372' title='bbox 2673 3823 2726 3872; x_wconf 88' lang='lat' dir='ltr'>A,</span> 
     </span>
    </p>
   </div>
   <div class='ocr_carea' id='block_1_7' title="bbox 469 3871 2728 3967">
    <p class='ocr_par' dir='ltr' id='par_1_7' title="bbox 469 3871 2728 3967">
     <span class='ocr_line' id='line_1_42' title="bbox 469 3871 2728 3967; baseline 0 -54"><span class='ocrx_word' id='word_1_373' title='bbox 469 3874 966 3967; x_wconf 49' lang='lat' dir='ltr'>wmemqogwr}</span> <span class='ocrx_word' id='word_1_374' title='bbox 1067 3872 1113 3924; x_wconf 89' lang='lat' dir='ltr'>q)</span> <span class='ocrx_word' id='word_1_375' title='bbox 1137 3883 1168 3912; x_wconf 82' lang='lat' dir='ltr'>n</span> <span class='ocrx_word' id='word_1_376' title='bbox 1195 3885 1360 3913; x_wconf 70' lang='lat' dir='ltr'>erasum</span> <span class='ocrx_word' id='word_1_377' title='bbox 1375 3876 1416 3914; x_wconf 80' lang='lat'>1.</span> <span class='ocrx_word' id='word_1_378' title='bbox 1528 3871 1571 3924; x_wconf 87' lang='lat' dir='ltr'>r)</span> <span class='ocrx_word' id='word_1_379' title='bbox 1598 3874 1722 3914; x_wconf 77' lang='lat' dir='ltr'>verba</span> <span class='ocrx_word' id='word_1_380' title='bbox 1747 3875 1926 3923; x_wconf 63' lang='lat' dir='ltr'>inclusa,</span> <span class='ocrx_word' id='word_1_381' title='bbox 1953 3886 2060 3924; x_wconf 73' lang='lat' dir='ltr'>quae</span> <span class='ocrx_word' id='word_1_382' title='bbox 2084 3877 2132 3915; x_wconf 76' lang='lat' dir='ltr'>in</span> <span class='ocrx_word' id='word_1_383' title='bbox 2159 3875 2282 3915; x_wconf 78' lang='lat' dir='ltr'>codd.</span> <span class='ocrx_word' id='word_1_384' title='bbox 2304 3876 2465 3925; x_wconf 63' lang='lat' dir='ltr'>daune,</span> <span class='ocrx_word' id='word_1_385' title='bbox 2490 3875 2728 3926; x_wconf 60' lang='lat' dir='ltr'>supplenda</span> 
     </span>
     <span class='ocr_line' id='line_1_43' title="bbox 586 3937 981 3966; baseline -0.005 0"><span class='ocrx_word' id='word_1_386' title='bbox 586 3939 668 3966; x_wconf 76' lang='lat' dir='ltr'>tam</span> <span class='ocrx_word' id='word_1_387' title='bbox 920 3937 944 3964; x_wconf 89' lang='lat' dir='ltr'>r</span> <span class='ocrx_word' id='word_1_388' title='bbox 970 3953 981 3964; x_wconf 91' lang='lat'><em>.</em></span> 
     </span>
    </p>
   </div>
   <div class='ocr_carea' id='block_1_8' title="bbox 470 4045 2729 4455">
    <p class='ocr_par' dir='ltr' id='par_1_8' title="bbox 470 4045 2729 4455">
     <span class='ocr_line' id='line_1_44' title="bbox 472 4045 2729 4116; baseline 0.001 -16"><span class='ocrx_word' id='word_1_389' title='bbox 472 4046 526 4111; x_wconf 93' lang='lat'>1)</span> <span class='ocrx_word' id='word_1_390' title='bbox 575 4045 1108 4112; x_wconf 77' lang='lat' dir='ltr'>Schweinfwrtensis,</span> <span class='ocrx_word' id='word_1_391' title='bbox 1155 4046 1400 4100; x_wconf 65' lang='lat' dir='ltr'>marchio</span> <span class='ocrx_word' id='word_1_392' title='bbox 1431 4047 1495 4100; x_wconf 79' lang='lat' dir='ltr'>in</span> <span class='ocrx_word' id='word_1_393' title='bbox 1523 4063 1672 4116; x_wconf 70' lang='lat' dir='ltr'>payo</span> <span class='ocrx_word' id='word_1_394' title='bbox 1709 4046 1996 4116; x_wconf 74' lang='lat' dir='ltr'>Nordyau.</span> <span class='ocrx_word' id='word_1_395' title='bbox 2146 4047 2199 4114; x_wconf 82' lang='lat'>2)</span> <span class='ocrx_word' id='word_1_396' title='bbox 2250 4047 2443 4112; x_wconf 59' lang='lat' dir='ltr'>Eume,-</span> <span class='ocrx_word' id='word_1_397' title='bbox 2489 4063 2537 4101; x_wconf 85' lang='lat' dir='ltr'>v.</span> <span class='ocrx_word' id='word_1_398' title='bbox 2574 4045 2729 4114; x_wconf 64' lang='lat' dir='ltr'>infra</span> 
     </span>
     <span class='ocr_line' id='line_1_45' title="bbox 470 4113 2726 4186; baseline 0 -16"><span class='ocrx_word' id='word_1_399' title='bbox 470 4131 515 4170; x_wconf 86' lang='lat' dir='ltr'>c.</span> <span class='ocrx_word' id='word_1_400' title='bbox 542 4116 628 4171; x_wconf 88' lang='grc'>38.</span> <span class='ocrx_word' id='word_1_401' title='bbox 695 4115 855 4170; x_wconf 61' lang='lat' dir='ltr'>fllia</span> <span class='ocrx_word' id='word_1_402' title='bbox 888 4114 999 4180; x_wconf 77' lang='lat' dir='ltr'>fuit</span> <span class='ocrx_word' id='word_1_403' title='bbox 1032 4113 1285 4170; x_wconf 69' lang='lat' dir='ltr'>Lethariae·</span> <span class='ocrx_word' id='word_1_404' title='bbox 1319 4114 1720 4172; x_wconf 76' lang='lat' dir='ltr'>Walbeccensis</span> <span class='ocrx_word' id='word_1_405' title='bbox 1755 4117 1979 4180; x_wconf 76' lang='lat' dir='ltr'>comitis,</span> <span class='ocrx_word' id='word_1_406' title='bbox 2023 4116 2120 4186; x_wconf 79' lang='lat' dir='ltr'>qui</span> <span class='ocrx_word' id='word_1_407' title='bbox 2150 4133 2204 4172; x_wconf 87' lang='grc' dir='ltr'>α.</span> <span class='ocrx_word' id='word_1_408' title='bbox 2232 4115 2505 4172; x_wconf 82' lang='grc'><strong>941-942</strong></span> <span class='ocrx_word' id='word_1_409' title='bbox 2538 4116 2598 4169; x_wconf 73' lang='lat' dir='ltr'>in</span> <span class='ocrx_word' id='word_1_410' title='bbox 2634 4131 2726 4170; x_wconf 80' lang='lat' dir='ltr'>cu-</span> 
     </span>
     <span class='ocr_line' id='line_1_46' title="bbox 471 4182 2726 4252; baseline -0.001 -14"><span class='ocrx_word' id='word_1_411' title='bbox 471 4183 652 4238; x_wconf 77' lang='lat' dir='ltr'>stodia</span> <span class='ocrx_word' id='word_1_412' title='bbox 675 4183 1164 4251; x_wconf 75' lang='lat' dir='ltr'>Bertoldifuerat3</span> <span class='ocrx_word' id='word_1_413' title='bbox 1195 4183 1266 4251; x_wconf 85' lang='lat' dir='ltr'>cf.</span> <span class='ocrx_word' id='word_1_414' title='bbox 1293 4184 1379 4246; x_wconf 91' lang='grc' dir='ltr'>ΙΙ,</span> <span class='ocrx_word' id='word_1_415' title='bbox 1407 4187 1491 4238; x_wconf 82' lang='grc'>21.</span> <span class='ocrx_word' id='word_1_416' title='bbox 1597 4184 1652 4250; x_wconf 84' lang='grc'>3)</span> <span class='ocrx_word' id='word_1_417' title='bbox 1690 4183 1843 4250; x_wconf 70' lang='lat' dir='ltr'>Confi</span> <span class='ocrx_word' id='word_1_418' title='bbox 1873 4201 2047 4252; x_wconf 77' lang='lat' dir='ltr'>supra</span> <span class='ocrx_word' id='word_1_419' title='bbox 2073 4201 2118 4240; x_wconf 88' lang='lat' dir='ltr'>c.</span> <span class='ocrx_word' id='word_1_420' title='bbox 2146 4187 2194 4240; x_wconf 85' lang='grc'>7.</span> <span class='ocrx_word' id='word_1_421' title='bbox 2298 4185 2356 4249; x_wconf 86' lang='grc'>4)</span> <span class='ocrx_word' id='word_1_422' title='bbox 2396 4185 2461 4239; x_wconf 88' lang='lat' dir='ltr'>V.</span> <span class='ocrx_word' id='word_1_423' title='bbox 2490 4182 2726 4240; x_wconf 62' lang='lat' dir='ltr'>‘Jahrbss</span> 
     </span>
     <span class='ocr_line' id='line_1_47' title="bbox 471 4253 2729 4320; baseline 0 -15"><span class='ocrx_word' id='word_1_424' title='bbox 471 4253 523 4315; x_wconf 93' lang='lat' dir='ltr'>I,</span> <span class='ocrx_word' id='word_1_425' title='bbox 560 4254 680 4307; x_wconf 80' lang='lat'>221.</span> <span class='ocrx_word' id='word_1_426' title='bbox 832 4254 886 4319; x_wconf 83' lang='lat'>5)</span> <span class='ocrx_word' id='word_1_427' title='bbox 936 4254 1174 4309; x_wconf 69' lang='lat' dir='ltr'>Anatedt</span> <span class='ocrx_word' id='word_1_428' title='bbox 1217 4253 1478 4320; x_wconf 75' lang='lat' dir='ltr'>oppidum</span> <span class='ocrx_word' id='word_1_429' title='bbox 1529 4253 1885 4309; x_wconf 72' lang='lat' dir='ltr'>Wimariense</span> <span class='ocrx_word' id='word_1_430' title='bbox 1930 4255 2073 4308; x_wconf 71' lang='lat' dir='ltr'>inter</span> <span class='ocrx_word' id='word_1_431' title='bbox 2118 4254 2379 4310; x_wconf 67' lang='lat' dir='ltr'>fflsleben</span> <span class='ocrx_word' id='word_1_432' title='bbox 2427 4260 2478 4309; x_wconf 79' lang='lat' dir='ltr'>et</span> <span class='ocrx_word' id='word_1_433' title='bbox 2521 4255 2729 4308; x_wconf 67' lang='lat' dir='ltr'>Arm</span> 
     </span>
     <span class='ocr_line' id='line_1_48' title="bbox 473 4321 2729 4390; baseline 0 -15"><span class='ocrx_word' id='word_1_434' title='bbox 473 4321 655 4376; x_wconf 54' lang='lat' dir='ltr'>situm.</span> <span class='ocrx_word' id='word_1_435' title='bbox 815 4322 870 4386; x_wconf 89' lang='grc'>6)</span> <span class='ocrx_word' id='word_1_436' title='bbox 913 4322 1214 4390; x_wconf 73' lang='lat' dir='ltr'>Dornbury</span> <span class='ocrx_word' id='word_1_437' title='bbox 1257 4337 1326 4389; x_wconf 79' lang='lat' dir='ltr'>op</span> <span class='ocrx_word' id='word_1_438' title='bbox 1365 4321 1519 4376; x_wconf 77' lang='lat' dir='ltr'>idum</span> <span class='ocrx_word' id='word_1_439' title='bbox 1565 4322 1643 4376; x_wconf 80' lang='lat' dir='ltr'>ad</span> <span class='ocrx_word' id='word_1_440' title='bbox 1683 4321 1873 4377; x_wconf 80' lang='lat' dir='ltr'>Salam</span> <span class='ocrx_word' id='word_1_441' title='bbox 1917 4324 2113 4390; x_wconf 61' lang='lat' dir='ltr'>situm</span> <span class='ocrx_word' id='word_1_442' title='bbox 2166 4325 2241 4389; x_wconf 62' lang='lat' dir='ltr'>cf.</span> <span class='ocrx_word' id='word_1_443' title='bbox 2284 4329 2467 4378; x_wconf 80' lang='lat' dir='ltr'>tamen</span> <span class='ocrx_word' id='word_1_444' title='bbox 2508 4323 2599 4390; x_wconf 87' lang='lat' dir='ltr'>II,</span> <span class='ocrx_word' id='word_1_445' title='bbox 2644 4323 2729 4378; x_wconf 77' lang='lat'>35.</span> 
     </span>
     <span class='ocr_line' id='line_1_49' title="bbox 474 4387 1889 4455; baseline -0.001 -12"><span class='ocrx_word' id='word_1_446' title='bbox 474 4387 529 4454; x_wconf 83' lang='lat'>7)</span> <span class='ocrx_word' id='word_1_447' title='bbox 572 4390 680 4454; x_wconf 72' lang='lat' dir='ltr'>Qui</span> <span class='ocrx_word' id='word_1_448' title='bbox 710 4391 852 4446; x_wconf 76' lang='lat' dir='ltr'>sedit</span> <span class='ocrx_word' id='word_1_449' title='bbox 883 4391 1194 4447; x_wconf 83' lang='lat'>996—1003</span> <span class='ocrx_word' id='word_1_450' title='bbox 1206 4411 1222 4455; x_wconf 82' lang='lat'>3</span> <span class='ocrx_word' id='word_1_451' title='bbox 1325 4429 1338 4442; x_wconf 89' lang='lat'><strong>.</strong></span> <span class='ocrx_word' id='word_1_452' title='bbox 1375 4388 1613 4446; x_wconf 61' lang='lat' dir='ltr'>‘Jahrbss</span> <span class='ocrx_word' id='word_1_453' title='bbox 1650 4391 1735 4454; x_wconf 91' lang='lat' dir='ltr'>II,</span> <span class='ocrx_word' id='word_1_454' title='bbox 1772 4394 1889 4446; x_wconf 78' lang='lat'>211.</span> 
     </span>
    </p>
   </div>
   <div class='ocr_carea' id='block_1_9' title="bbox 2348 4495 2421 4550">
    <p class='ocr_par' dir='ltr' id='par_1_9' title="bbox 2348 4495 2421 4550">
     <span class='ocr_line' id='line_1_50' title="bbox 2348 4495 2421 4550; baseline 0 -24"><span class='ocrx_word' id='word_1_455' title='bbox 2348 4495 2421 4550; x_wconf 70' lang='grc'>8*</span> 
     </span>
    </p>
   </div>
  </div>
 </body>
</html>
