3100 5050
445 404 549 458 220
931 402 1337 458 THIETMARI
1372 400 1638 460 CHRON.
1706 403 1843 457 LIB.
1881 401 2018 458 VIII
2053 402 2218 469 (VII).

259 567 411 624 1016.
448 555 735 619 celarum
794 554 1171 622 abutuntur.
1291 555 1477 633 Quod
1528 577 1673 621 cum
1733 555 1966 620 domno
2017 556 2370 637 apostolico
2441 556 2698 620 nomine

444 640 793 705 Benedicto
860 640 1037 708 fama
1085 641 1391 720 deferret,
1454 662 1676 706 omnes
1742 649 2006 707 sanctae
2066 642 2294 707 matris
2339 642 2696 708 aecclesiae

446 735 579 790 tam
623 734 905 792 rectores
950 747 1144 812 quam
1188 727 1558 793 defensores
1616 748 2006 811 congregans
2058 734 2246 810 rogat
2288 747 2366 792 ac
2402 728 2698 810 precipit,

442 821 519 876 ut
558 813 852 877 inimicos
898 812 1142 878 Christi
1182 813 1343 878 talia
1384 820 1826 898 presumentes
1869 813 2143 878 viriliter
2185 833 2403 877 secum
2454 814 2697 880 inrum-²

440 905 703 982 perent⁸
737 905 802 963 et
830 897 1180 964 adiuvante
1217 899 1489 964 Domino
1530 899 1913 966 occiderent.
2000 898 2270 982 Insuper
2302 897 2696 964 ineffabilem

442 984 701 1049 navium
771 984 1251 1050 multitudinem
1319 986 1519 1050 tacito
1588 985 1908 1068 premisit,
1986 1005 2152 1068 quae
2221 985 2314 1050 eis
2385 983 2696 1050 redeundi

526 1069 933 1136 ssibilitatem
958 1071 1387 1155 interciperet.
1450 1069 1591 1135 Hoc
1617 1091 1732 1136 rex
1753 1069 2153 1136 Saracenusl
2179 1070 2696 1136 animadvertens

467 1156 673 1238 primo
742 1155 1119 1239 indignatur
1196 1162 1264 1222 et
1332 1153 1616 1242 tandem]
1701 1158 1925 1240 paucis
1995 1155 2341 1222 comitatus
2401 1157 2696 1220 navicula

441 1239 799 1324 periculum
854 1242 1195 1307 imminens
1250 1241 1482 1322 evasit3
1544 1241 1646 1307 sui
1698 1263 1848 1308 vero
1912 1261 2130 1307 omnes
2182 1242 2566 1307 conveniunt
2631 1249 2696 1307 et

280 1345 416 1398 (Iun.)
442 1326 863 1392 adventantes
935 1328 1119 1409 prius
1188 1328 1447 1392 irruunt
1504 1325 1764 1394 hostes²
1841 1347 2075 1410 eosque
2141 1347 2290 1392 mox
2358 1325 2694 1410 fugienteS,

440 1411 807 1478 miserabile
860 1411 1035 1478 dictu
1049 1463 1064 1490 ‚
1127 1412 1223 1477 III
1276 1413 1415 1478 dies
1468 1421 1535 1478 et
1585 1421 1808 1480 noctes
1858 1418 2288 1498 prosternunt.
2390 1413 2696 1497 Respexit

436 1498 698 1564 tandem
747 1500 919 1563 Deus
972 1499 1212 1582 gemitu
1256 1499 1510 1582 piorum
1564 1497 1858 1582 placatus
1903 1504 1968 1563 et
2019 1497 2309 1564 odientes
2345 1519 2414 1563 se
2449 1498 2696 1582 fugavit

440 1592 505 1650 e't
537 1585 606 1649 in
640 1591 894 1650 tantum
929 1583 1183 1662 devicit,
1238 1591 1313 1650 ut
1347 1605 1464 1650 nec
1499 1603 1626 1648 uno
1673 1585 1752 1649 de
1788 1585 1914 1648 hiis
1949 1583 2176 1649 relicto
2211 1583 2694 1650 interfectorum

439 1677 504 1735 et
582 1669 931 1736 eorundem
1008 1670 1363 1754 spoliorum
1438 1670 1921 1735 multitudinem
1995 1670 2270 1735 victores
2355 1689 2694 1736 numerare

437 1757 797 1838 nequirent.
911 1755 1091 1820 Tunc
1142 1756 1366 1838 regina
1424 1776 1646 1820 eorum
1712 1762 1904 1839 capta
1968 1753 2089 1820 obb
2141 1755 2480 1821 audaciam
2531 1755 2693 1822 viri3

440 1843 650 1925 capite
702 1841 1023 1925 plectitur.
1113 1843 1359 1907 Aurum
1414 1841 1690 1926 capitale
1753 1841 2038 1907 eiusdem
2089 1849 2538 1908 ornamentum
2595 1844 2693 1907 in-

438 1929 641 1991 vicem
694 1932 1081 2010 gemmatum
1132 1947 1305 2011 papa
1358 1927 1485 1993 sibi
1535 1949 1648 2011 pre
1701 1929 1974 1993 caeteris
2014 1926 2373 1992 vendicavit
2420 1933 2694 2012 postque

438 2013 813 2097 imperatori
840 2033 1022 2077 suam
1058 2013 1418 2078 transmisit
1441 2019 1712 2098 partem,
1749 2034 1916 2096 quae
1941 2013 2117 2078 mille
2153 2013 2337 2078 libris
2365 2022 2692 2098 computa-

438 2098 647 2165 batur.
754 2098 981 2164 Divisa
1043 2100 1218 2163 omni
1277 2098 1478 2183 preda
1544 2099 1779 2164 victrix
1850 2098 2044 2164 turba
2110 2099 2284 2164 laeta
2343 2107 2556 2164 mente
2609 2099 2695 2165 ad

436 2186 705 2269 propria
740 2184 1115 2249 *revertitur
1158 2191 1225 2248 et
1268 2183 1693 2268 triumphanti
1729 2182 1989 2249 Christo
2033 2184 2260 2268 dignas
2303 2185 2696 2269 persolverat

438 2270 615 2337 odas.
703 2271 841 2334 Rex
884 2278 1101 2336 autem
1146 2271 1473 2351 predictus
1516 2277 1726 2335 morte
1781 2271 2072 2354 coniugis
2121 2276 2185 2336 et
2219 2271 2546 2336 sociorum
2581 2271 2695 2336 ad-

437 2355 701 2421 modum
748 2355 1049 2422 turbatus
1102 2377 1353 2422 summo
1392 2355 1686 2441 pontifici
1723 2377 1975 2422 saccum
2021 2358 2344 2422 castaneis
2385 2356 2694 2422 refertum

437 2443 689 2508 remisit
757 2449 821 2506 et
878 2463 994 2527 per
1054 2441 1226 2507 hunc
1283 2443 1661 2527 portitorem
1733 2448 1830 2508 tot
1881 2463 1949 2508 se
2010 2443 2079 2506 in
2137 2443 2430 2529 proxima
2490 2449 2694 2509 estate

440 2528 677 2593 milites
722 2528 847 2594 sibi
892 2549 1031 2593 esse
1086 2529 1332 2594 laturos
1384 2530 1724 2597 intimavit.
1827 2529 2140 2611 Percepta
2200 2528 2323 2593 hac
2375 2529 2694 2613 legatione

437 2634 609 2698 papa
661 2615 1109 2698 marsuppium
1163 2614 1471 2680 eundem⁰
1523 2615 1701 2681 milio
1752 2615 2010 2699 plenum
2073 2616 2469 2680 internuntio
2514 2615 2693 2681 *tali-

201 2719 409 2760 Proverb.
439 2699 561 2765 bus
615 2700 805 2765 dictis
857 2700 1171 2766 reddidit:
1235 2700 1323 2766 ‘Si
1376 2721 1503 2764 non
1558 2700 1841 2767 sufficiat
1891 2699 2015 2765 sibi
2067 2701 2488 2783 apostolicam
2535 2702 2696 2767 satis

236 2772 299 2821 ¹⁶’
324 2770 365 2811 ⁹·
440 2786 705 2852 laesisse
758 2786 1039 2867 dotemd,
1096 2786 1375 2852 secundo
1419 2787 1637 2852 veniat
1689 2794 1754 2852 et
1799 2793 1898 2852 tot
1947 2786 2250 2851 loricatos
2294 2787 2392 2851 vel
2435 2787 2580 2869 plus
2625 2808 2693 2853 se

438 2873 543 2938 hic
587 2873 992 2938 inventurum
1034 2894 1151 2955 pro
1196 2879 1369 2937 certo
1414 2874 1620 2940 sciat.’
1718 2871 1924 2937 Homo
1978 2873 2219 2955 cogitat
2271 2878 2338 2937 et
2386 2872 2694 2957 loquitur,

439 2959 611 3023 Deus
656 2958 928 3037 iudicat;
976 2979 1162 3041 quem
1210 2957 1586 3042 suppliciter
1629 2958 1903 3042 quisque
1939 2957 2146 3024 fidelis
2185 2965 2343 3037 oret,
2389 2964 2464 3023 ut
2496 2961 2694 3025 talem

434 3044 693 3127 plagam
738 3043 1242 3109 misericorditer
1286 3050 1582 3109 amoveat
1623 3051 1690 3108 et
1730 3044 2158 3110 necessariam
2211 3050 2472 3126 optatae
2513 3046 2692 3129 pacis

439 3132 853 3195 securitatem
899 3130 1045 3211 pius
1088 3128 1478 3212 indulgeat4.

224 3232 321 3274 oet.
342 3233 408 3274 16.
606 3216 711 3281 46.
758 3213 920 3301 (32.)
991 3215 1069 3280 In
1112 3215 1351 3293 insula,
1409 3235 1576 3299 quae
1628 3215 1865 3280 dicitur
1916 3214 2253 3299 Augia⁰·⁵,
2315 3214 2515 3280 XVII.
2546 3215 2688 3282 Kal.

439 3299 593 3368 Nov.
642 3300 839 3366 VIIII
884 3322 1075 3367 naves
1120 3300 1487 3366 hominibus
1530 3302 1881 3385 promiscui
1927 3322 2116 3366 sexus
2165 3298 2360 3389 [tunc]
2411 3301 2690 3384 inpletae

436 3388 603 3451 mari
648 3387 1134 3467 immerguntur.

240 3481 397 3545 (1015
606 3471 678 3535 In
723 3472 1053 3538 occidente
1090 3471 1451 3537 Lanbertus
1487 3472 1816 3537 Reinherii
1860 3471 2076 3537 filiusfl
2117 3492 2260 3537 cum
2307 3473 2442 3537 suis
2483 3472 2689 3538 victus

182 3550 301 3599 ΒΨ·
322 3550 403 3601 12)·
436 3556 521 3622 ab
553 3557 735 3623 hoste
788 3556 1180 3647 [Godefrido]
1218 3558 1564 3623 multorum
1610 3558 1909 3623 inimicus
1944 3558 2306 3623 occubuit7.
2385 3556 2531 3623 Non
2564 3558 2692 3623 fuit

436 3710 480 3759 a)
507 3714 679 3752 alterum
696 3723 726 3750 n
752 3712 855 3753 add.
880 3714 929 3753 Τ.
997 3712 1045 3760 b)
1072 3713 1184 3752 deest
1202 3716 1238 3763 1,
1266 3710 1446 3752 audacia
1470 3712 1557 3752 viri
1582 3714 1626 3752 2.
1697 3712 1740 3762 c)
1765 3710 1904 3751 eidem
1933 3716 2007 3751 aut
2033 3713 2148 3751 idem
2173 3712 2364 3753 radendo
2388 3714 2492 3762 «1140.
2521 3722 2629 3753 corr.
2648 3714 2688 3751 1.

435 3762 480 3814 d)
505 3764 607 3821 letis
634 3764 826 3805 sedetem
852 3767 898 3814 1;
926 3765 1113 3805 laesisse
1138 3764 1287 3804 sedem
1313 3766 1355 3805 2.
1460 3762 1504 3815 ο)
1529 3768 1692 3813 augeat
1716 3765 1771 3803 B.

437 3886 489 3950 1)
526 3884 788 3953 Moyehid
812 3885 905 3940 ibn
939 3885 1216 3941 Abdauah
1242 3887 1291 3940 cl
1316 3885 1498 3939 Amiri
1520 3902 1621 3939 rex
1645 3886 1967 3941 Balearium
1995 3891 2046 3940 et
2069 3886 2350 3940 orientalis
2379 3884 2690 3953 Hispaniae

434 3956 609 4021 partis
633 3954 913 4017 (Deniae).
1026 3957 1083 4017 2)
1118 3956 1191 4008 In
1218 3970 1320 4008 ora
1347 3954 1642 4008 Sardiniae
1667 3969 1848 4008 mense
1873 3956 2054 4009 Iunio.
2173 3954 2226 4019 3)
2267 3954 2353 4008 Se.
2380 3954 2568 4009 mariti
2615 3954 2686 4009 L.

433 4024 489 4087 4)
510 4023 784 4090 Moyehid
828 4040 1124 4093 numquam
1175 4038 1423 4077 reversus
1475 4028 1570 4088 est,
1623 4024 1720 4077 sed
1771 4042 1823 4077 a.
1874 4024 2008 4078 1044
2059 4023 2118 4076 in
2174 4022 2459 4090 Hispania
2505 4023 2685 4091 periit.

435 4090 506 4146 ‘J
502 4092 677 4146 ahrb!
715 4092 748 4145 l.
770 4108 820 4151 ,0.
983 4092 1038 4158 5)
1092 4092 1411 4146 Reichenau
1457 4093 1517 4145 in
1561 4094 1688 4147 lacu
1730 4093 2077 4159 Bn‘yantino.
2243 4091 2295 4157 6)
2350 4091 2688 4146 Lantbertus

437 4176 610 4215 comes
635 4161 1011 4225 Lovoniensis,
1028 4161 1187 4229 filius
1214 4160 1539 4228 Reyimharii
1555 4162 1640 4215 ΙΙ.
1669 4162 2046 4229 (Lonqicollis)
2074 4161 2281 4215 comitis
2304 4161 2444 4227 payi
2467 4160 2684 4214 Henne-

430 4228 2087 4365 {515’22‘31133‘25-2sssfflarifflffl
2107 4228 2688 4361 amasai

434 4365 795 4431 Godefridum
821 4368 907 4421 II.
985 4314 1702 4436 Lotharinqiaeping‘zrioris
1747 4367 1938 4421 ducem
1975 4366 2193 4431 (1012-
2207 4366 2361 4431 1023)
2397 4366 2686 4420 commissa

434 4436 569 4489 1015
606 4432 671 4500 (‘?)
708 4436 853 4504 Sept.
886 4437 970 4500 123
1009 4435 1245 4491 ‘Jahrbss
1281 4438 1406 4502 ΙΙΙ,
1442 4438 1525 4491 26.

2720 2202 2743 2224 *
2760 2203 2849 2251 sol.
2870 2205 2969 2250 162.

2720 2631 2744 2653 '¹
2764 2645 2816 2683 p.
2840 2633 2940 2676 851.
