3100 5050
432 395 535 450 248
932 389 1339 446 THIETMARI
1375 387 1639 444 CHRON.
1709 388 1848 443 LIB.
1883 387 1964 441 IX
2001 388 2201 454 (VIII).

433 544 531 609 tui
566 543 667 609 Sit
701 549 1043 608 renovator
1088 552 1153 608 et
1196 540 1574 606 indeficiens
1617 539 1969 605 auxiliator
2012 541 2234 606 nostri.
2315 541 2408 606 Ve
2451 547 2701 625 tempo-

434 629 615 694 ribus
669 628 824 707 illis,
879 629 948 692 in
1003 627 1238 711 quibus
1292 626 1475 691 deest
1526 624 1690 689 haec
1739 645 1885 707 spes
1939 625 2194 692 miseris
2239 632 2305 691 et
2347 626 2704 693 aecclesiae

434 711 1039 798 Merseburgiensil⁸
1111 711 1329 777 *Nunc
1369 719 1469 777 est
1510 710 1828 774 maximeb
1865 711 2202 790 orandum,
2249 711 2371 777 Cui
2405 717 2562 777 tunc
2596 722 2704 778 est
2733 732 2880 784 *soa
2905 737 2998 778 1830.

433 799 712 863 maxime
763 797 1163 882 plorandum.
1262 796 1438 862 Haec
1491 795 1747 874 etenim,
1794 815 1957 878 quae
2001 803 2408 878 sequuntur⁶‚
2454 796 2540 862 ab
2585 799 2706 862 eo‘¹

432 884 721 967 percepit
776 883 859 947 Et
912 903 990 948 eo
1044 884 1291 947 vivente
1335 881 1536 946 multo
1582 879 1681 943 bis
1723 881 1954 945 maiori
1996 881 2281 963 gratuita
2325 889 2706 947 aucmenta-

122 986 259 1036 νοτε.
286 985 402 1026 Aen·
432 969 615 1034 cione
657 966 985 1053 gaudebit.
1074 967 1211 1031 Iam
1248 967 1420 1031 enim
1458 965 1785 1046 disposuit
1819 967 1888 1030 in
1921 964 2057 1030 alta
2092 974 2306 1032 mente
2343 987 2481 1050 sua,
2528 967 2706 1044 Qua-

200 1038 239 1088 ¹’
264 1039 332 1079 ²⁶·
430 1053 582 1118 liter
634 1075 777 1119 eam
831 1052 1135 1119 sublimet
1182 1052 1329 1117 dote
1382 1051 1582 1116 varia.
1692 1049 1784 1114 De
1846 1050 2250 1116 antecedenti
2318 1073 2488 1117 nunc
2551 1051 2700 1118 dico

434 1139 517 1203 Et
550 1138 1009 1221 perfectionem
1046 1137 1626 1222 subsequuturam⁰
1663 1135 2082 1217 omnipotenti
2118 1136 2276 1214 Deo,
2324 1137 2427 1201 cui
2463 1144 2698 1202 cuncta

432 1229 585 1288 sunt
632 1225 987 1308 presentia,
1044 1221 1315 1308 supplex
1368 1222 1720 1286 committo.
1825 1219 1912 1285 Et
1961 1221 2116 1302 quia
2166 1223 2341 1306 tipus
2403 1241 2534 1286 non
2599 1228 2702 1287 est

431 1308 846 1392 singulariter
916 1329 1245 1386 enarrare,
1325 1327 1491 1389 quae
1558 1305 1880 1389 preceptis
1953 1305 2238 1370 eiusdem
2318 1304 2700 1372 confirmata

426 1393 671 1478 poteris
714 1393 952 1472 videre,
1002 1394 1165 1458 haec
1210 1391 1348 1457 sola
1391 1392 1669 1474 assign0,
1727 1411 1894 1472 quae
1937 1393 2359 1458 auctoritates
2407 1395 2700 1458 carentia

428 1481 497 1543 in
532 1484 865 1563 posterum
897 1479 1172 1544 forsitan
1207 1478 1501 1558 peritura
1533 1477 1750 1540 timec.
1822 1473 2168 1561 *[Sanctae
2204 1476 2307 1564 ac]
2347 1477 2695 1543 victorisis-
2723 1499 2755 1520 *
2789 1512 2920 1542 man.
2941 1505 2989 1543 r.

428 1565 631 1628 simae
694 1565 905 1628 crucis
963 1569 1213 1644 partem
1278 1581 1419 1626 cum
1493 1560 1770 1625 caeteris
1839 1568 2211 1627 sanctorum
2274 1562 2568 1645 reliquiis
2629 1569 2698 1627 et

428 1648 634 1713 altare
696 1669 965 1713 aureum
1026 1647 1293 1730 gemmis
1354 1644 1706 1710 honorifice
1777 1644 2155 1711 distinctum
2225 1654 2291 1712 et
2355 1646 2698 1712 buxidemss

428 1754 691 1798 auream
753 1732 1078 1814 lapidibus
1137 1732 1447 1814 preciosis
1506 1737 1804 1796 ornatam
1874 1731 2486 1882 collectarium[queg
2549 1753 2696 1798 cum

426 1818 713 1901 inpensis
764 1819 1044 1901 propriis
1102 1823 1167 1882 et
1222 1817 1427 1882 eciam
1486 1817 1726 1880 nostris
1787 1812 2157 1882 decoratum
2234 1839 2381 1883 cum
2487 1818 2698 1884 uobus

426 1903 767 1967 turribulis
827 1923 903 1967 ac
955 1907 1261 1984 argenteo
1318 1902 1602 1966 bicario11
1653 1900 1836 1982 larga
1888 1922 2085 1966 manu
2143 1901 2377 1990 [cesar]
2434 1909 2694 1970 nostrae

427 1986 606 2051 dedit
658 1987 1037 2065 aecclesiae,
1094 1986 1267 2069 quod
1316 2007 1359 2050 a
1402 1986 1587 2051 nobis
1639 2006 1771 2050 non
1816 1986 2009 2050 modo
2063 1995 2163 2052 est
2205 1988 2694 2068 observandum,

425 2093 646 2137 verum
690 2074 893 2136 eciam
935 2070 1498 2138 aucmentandum.
1589 2070 1714 2135 Sed
1753 2073 1909 2153 quia
1946 2071 2024 2137 de
2062 2072 2372 2139 melliflua
2409 2074 2696 2140 eiusdem

426 2158 667 2240 pietate
704 2159 865 2222 satis
898 2156 1111 2222 dicere
1147 2176 1558 2239 nequaquam
1595 2155 1869 2234 sufficio,
1907 2157 1987 2221 de
2025 2178 2145 2223 sua
2179 2160 2693 2238 conversacione,

427 2243 594 2308 sicut
634 2243 956 2328 proposui,
1007 2240 1410 2328 [ordinatim]
1460 2242 1782 2323 explicare
1828 2241 2158 2308 studiosus
2202 2244 2453 2309 anhe10.
2724 2315 2748 2339 *
2773 2319 2860 2366 sol
2897 2322 2972 2359 134

2777 2382 2984 2410 vacuum.

238 2432 389 2488 1018.
597 2412 735 2480 ⁴¹15.
781 2413 904 2498 (8.)
976 2414 1167 2478 “Iste
1204 2433 1429 2492 annuS,
1476 2433 1604 2495 quo
1637 2411 1810 2476 hunc
1853 2413 2178 2478 attitulavi
2221 2414 2477 2493 librum,
2523 2415 2693 2480 nati-
2725 2418 2746 2440 *
2773 2434 2836 2470 1>-
2859 2424 2956 2463 8⁶⁶·

423 2499 643 2564 vitatis
678 2519 860 2565 meae
898 2498 1431 2583 quadragesimus
1472 2505 1571 2563 est
1600 2496 1932 2585 [primus]¹
1967 2498 2068 2564 vel
2106 2500 2302 2583 paulo
2339 2499 2689 2582 amplius¹;
2722 2487 3018 2583 '‘*32-{51‘5

114 2601 280 2651 Apte-1
294 2602 395 2654 (24).
424 2585 493 2649 in
547 2605 763 2649 mense
807 2606 956 2649 vero
1002 2585 1209 2669 Aprili
1264 2591 1329 2648 et
1372 2584 1448 2648 V.
1487 2583 1634 2651 Kal.
1675 2581 1850 2647 Mai2
1911 2584 2203 2650 decimus
2265 2586 2694 2652 ordinationis

424 2689 605 2734 meae
658 2671 953 2734 introivit
1002 2670 1277 2737 annua*
1375 2670 1461 2733 Et
1504 2672 1658 2753 quia
1702 2666 1987 2734 humana
2029 2691 2133 2734 res
2186 2672 2395 2736 omnis
2440 2692 2692 2753 semper

422 2755 491 2817 in
552 2753 752 2818 dubio
816 2761 941 2833 est,
1013 2755 1172 2820 libet
1231 2775 1526 2820 evomere
1589 2753 1951 2819 antidotum
2017 2754 2177 2819 illud
2236 2756 2690 2839 periculosum,

424 2840 599 2923 quod
652 2841 851 2904 miser
898 2840 1145 2907 dudum
1202 2840 1509 2905 absorbui
1565 2845 1630 2904 et
1673 2840 1863 2903 nimis
1906 2841 2063 2904 mihi
2110 2841 2423 2907 hactenus
2468 2841 2534 2906 id
2577 2865 2693 2908 no-

421 2945 563 2989 cere
634 2927 945 3009 persensi.
1069 2926 1141 2990 In
1219 2924 1499 3009 quadam
1567 2930 1746 2989 curte
1825 2945 1968 2989 mea
2040 2926 2343 3010 Heslinge
2418 2928 2694 2993 vocata3
2767 2928 2773 2934 ’

420 3017 605 3075 nocte
641 3032 771 3075 una
806 3032 951 3075 cum
986 3012 1475 3095 requiescerem,
1520 3032 1638 3094 per
1682 3030 1974 3076 somnum
2012 3011 2143 3076 vidi
2180 3014 2437 3077 turbam
2474 3020 2692 3079 astare

420 3115 750 3179 magnam,
816 3104 971 3162 tunc
1033 3097 1111 3162 de
1176 3098 1475 3178 apposita
1533 3097 1693 3160 mihi
1755 3101 1922 3161 testa
1985 3097 2233 3180 aliquid
2296 3098 2690 3163 manducare

422 3191 780 3264 cogentem3
847 3190 913 3246 et
972 3203 1088 3265 ego
1152 3181 1271 3246 hos
1334 3182 1737 3265 persentiens
1801 3202 1942 3247 esse
2006 3184 2324 3262 inimicoS,
2386 3185 2690 3268 primitus

422 3266 835 3350 contempsik,
880 3268 964 3332 ad
1007 3267 1305 3332 ultimum
1351 3286 1503 3331 vero
1547 3267 1618 3331 in
1662 3267 1919 3331 nomine
1957 3268 2079 3333 Dei
2123 3270 2331 3351 patris
2376 3291 2478 3335 me
2513 3268 2688 3334 istud

417 3351 751 3449 percipere
804 3352 1129 3437 respondi.
1236 3352 1417 3429 Quod
1485 3373 1633 3416 cum
1695 3353 1786 3417 eis
1848 3354 2119 3418 multum
2193 3353 2564 3435 displiceret
2625 3362 2692 3420 et

419 3437 579 3501 haec
641 3437 850 3502 mvisa
911 3439 1320 3522 congregatio
1380 3437 1449 3501 id
1510 3437 1702 3503 aliter
1770 3436 1912 3502 fieri
1974 3458 2106 3503 non
2170 3461 2358 3522 posse
2422 3439 2684 3521 videret,

531 3574 587 3640 ²¹²)
623 3577 826 3630 Erasi-3
860 3576 921 3629 in
956 3592 1127 3645 marq.
1164 3577 1389 3631 sinistro
1423 3582 1681 3644 quattuor
1715 3577 1958 3632 vers-ibus
1987 3577 2053 3631 N
2072 3578 2132 3631 in
2157 3578 2412 3645 inferiore
2438 3580 2683 3634 addidit.-

625 3644 696 3697 Et
742 3642 917 3710 pridie
965 3644 1023 3697 in
1069 3643 1323 3699 suburbio
1373 3643 1577 3697 Gnezni
1625 3644 2007 3712 archiepiscopi
2056 3645 2206 3699 illius
2258 3646 2516 3701 aecclesia
2563 3663 2682 3701 cum

627 3711 991 3766 mansionibus
1028 3714 1252 3767 caeteris
1289 3712 1676 3768 comburiturl.

420 3812 463 3857 a)
508 3814 672 3851 tertium
700 3822 724 3851 c
750 3812 853 3851 add.
880 3815 929 3854 T.
1061 3812 1109 3863 b)
1152 3813 1390 3853 maximum
1419 3816 1457 3851 1.
1597 3814 1639 3864 e)
1685 3816 1898 3863 sequntur
1924 3817 1962 3864 1,
1990 3818 2036 3854 ut
2063 3817 2247 3865 saepius.
2379 3816 2407 3855 d
2467 3817 2608 3857 habeo
2637 3818 2683 3857 0.

422 3862 465 3914 e)
508 3866 682 3903 alterum
719 3875 746 3903 u
776 3867 872 3914 post
898 3876 927 3913 q
964 3876 1129 3904 erasum
1156 3868 1194 3904 1.
1326 3864 1363 3915 f)
1406 3866 1664 3905 auctoritate
1699 3876 1804 3905 corr.
1836 3867 2086 3907 auctoritati
2113 3872 2153 3906 1.
2287 3867 2333 3919 g)
2379 3869 2615 3918 capsellam
2641 3872 2682 3909 2.

418 3916 467 3965 h)
489 3919 583 3962 poet
607 3916 771 3955 bicario
800 3918 981 3965 epatium
1008 3916 1138 3955 unius
1163 3915 1356 3955 vocabuli
1380 3916 1592 3965 uniusque
1619 3918 1816 3956 verniculi
1848 3928 2026 3957 vacuum
2053 3917 2098 3957 in
2125 3918 2215 3960 cod.
2233 3921 2273 3959 1.
2379 3919 2413 3970 i)
2444 3932 2455 3960 ι
2480 3925 2488 3967 1
2513 3948 2524 3960 .
2551 3932 2685 3970 supra

418 3968 573 4007 lineam
601 3969 713 4006 inter
738 3970 806 4006 est
831 3972 868 4007 et
895 3967 967 4007 vel
995 3968 1099 4007 add.
1122 3969 1171 4007 Τ.
1289 3967 1341 4015 k)
1367 3967 1565 4015 contepsi
1592 3969 1631 4006 1.
1754 3968 1787 4014 1>
1813 3968 1962 4009 Pridie
1988 3968 2205 4009 kalendas
2232 3970 2373 4020 ipsius
2397 3973 2444 4011 in
2471 3972 2684 4012 suburbio

419 4017 590 4059 Gnezni
617 4019 937 4068 archiepiscopi
963 4019 1089 4058 illius
1117 4018 1308 4058 ecclesia
1334 4028 1434 4057 cum
1462 4016 1649 4058 edificiis
1679 4021 1842 4059 ceteris
1871 4024 2030 4061 exusta
2055 4024 2127 4061 est
2153 4022 2194 4060 2.

422 4122 472 4186 1)
510 4123 635 4177 Hoc
660 4124 775 4178 loco
802 4124 1148 4179 Rietmarus
1175 4139 1411 4178 errorem
1436 4124 1651 4179 videtur
1677 4126 2023 4191 commisisse,
2060 4126 2324 4195 siquidem
2351 4127 2453 4182 975
2478 4129 2588 4183 Iul.
2615 4131 2684 4183 25

417 4206 532 4245 sese
580 4196 775 4246 natum
823 4208 937 4246 esse
981 4194 1097 4261 ipse
1144 4194 1299 4260 (III,
1344 4193 1402 4257 6)
1448 4195 1736 4248 memoriae
1782 4194 2044 4260 prodidit.
2114 4195 2244 4257 Cui,
2293 4210 2400 4262 quo
2447 4203 2683 4264 tempore

415 4266 583 4313 natus
627 4267 788 4327 esset,
833 4261 947 4327 ipsi
985 4277 1095 4314 non
1138 4262 1274 4315 satis
1319 4262 1621 4316 constitisse
1665 4262 1956 4318 Strebitzki
1999 4262 2458 4330 (‘For⁸chunqen’
2508 4267 2602 4319 XI
2615 4265 2683 4329 V)

414 4327 571 4381 haud
593 4326 772 4394 facile
808 4329 1061 4395 cuiquam
1095 4330 1456 4395 persuadebit.
1597 4331 1650 4394 2)
1693 4332 1864 4386 VIII.
1894 4332 2024 4385 Kal.
2053 4332 2196 4385 Mai.
2224 4346 2284 4385 se
2317 4339 2538 4388 unctum
2565 4350 2682 4388 esse

415 4394 763 4451 ssietmarus
788 4412 963 4463 supra
1000 4397 1099 4461 VI,
1125 4398 1195 4451 40
1221 4400 1482 4453 narravit.
1625 4400 1678 4464 3)
1716 4400 2032 4469 Heslinqen,
2062 4415 2108 4453 υ.
2135 4402 2224 4466 ΙΙ,
2251 4400 2336 4452 42.
2771 4408 2776 4411 “
