3100 5050
513 400 548 458 4
1140 395 1547 454 THIETMARI
1582 395 1840 454 CHRON.
1914 399 2052 456 LIB.
2088 399 2133 454 Ι.

342 561 442 616 892
515 555 750 639 optulit
812 554 949 618 Deo
1010 555 1182 638 patri
1263 551 1720 641 [Dcccxcllo
1791 556 1956 620 dom.
2036 556 2357 622 incar-nac.
2422 577 2590 621 anno
2660 564 2762 622 et·

301 629 388 670 ¹¹³¹·
419 631 482 670 ¹³·
510 640 907 724 temporibus
933 639 1182 704 Arnulfi
1217 641 1607 724 inperatoris
1650 640 1673 684 ¹
1711 662 1855 706 cum
1896 641 2337 708 oblacionibus
2370 643 2759 709 consecratis

511 729 578 792 in
625 724 1012 791 sacrificium
1057 725 1287 803 laudis,
1337 726 1444 791 ubi
1488 726 1573 790 ho
1622 727 1681 791 ie
1726 748 1877 811 sepe
1922 748 2191 793 accensa
2234 727 2530 793 videntur
2570 729 2758 794 lumi-

511 813 722 889 naria;
769 817 834 876 et
878 817 1135 877 sanctos
1174 813 1295 877 Dei
1339 812 1639 878 martires
1684 813 1801 878 hos
1837 835 1979 879 esse
2028 835 2144 879 nec
2184 813 2393 879 Sclavi
2441 813 2771 884 dubitant..

511 897 850 963 Predictus
894 898 1168 964 antistes
1213 898 1278 961 in
1316 897 1542 963 diebus
1584 896 1773 962 offitii
1820 901 2055 965 suimet
2098 903 2165 964 in
2208 901 2369 965 urbe
2406 899 2760 966 Wircibur-

512 985 756 1068 giensib
816 1005 1010 1048 unum
1078 983 1351 1049 Domino
1411 985 1721 1065 templum
1795 991 1861 1049 et
1930 987 1996 1050 in
2060 989 2431 1070 episcopatu
2492 1007 2608 1052 suo
2674 986 2757 1052 ad

513 1072 718 1134 instar
771 1070 1052 1137 eiusdem
1109 1071 1459 1135 aecclesias
1502 1069 1696 1134 V1111
1749 1071 1815 1134 in
1860 1071 1919 1135 X
1963 1073 2149 1136 annis
2194 1072 2361 1137 fecit.
2469 1073 2557 1136 Et
2614 1094 2758 1137 cum

512 1159 857 1222 maximam
913 1156 1143 1220 harum
1196 1153 1298 1244 [is]
1344 1156 1772 1236 benediceret,
1819 1156 1919 1222 ‘et
1962 1178 2104 1223 cum
2151 1159 2465 1242 reliquiae
2512 1157 2754 1224 Christi
2784 1178 2921 1229 *soa
2944 1183 2988 1223 ε.

511 1243 812 1326 martyris
869 1242 1116 1307 Kiliani
1169 1279 1252 1288 —
1311 1243 1421 1326 qui
1478 1242 1558 1307 de
1618 1243 1856 1308 Scottis
1914 1243 2039 1308 huc
2084 1245 2369 1324 veniens,
2430 1244 2755 1310 Christum

511 1327 824 1394 Gozberto
868 1328 1018 1393 duci
1064 1336 1128 1394 et
1176 1327 1404 1394 Geilan
1451 1329 1641 1418 qxori
1694 1329 1835 1394 eius
1904 1329 2301 1412 caeterisque
2356 1332 2756 1414 comprovin-

508 1414 781 1479 cialibus
835 1415 1045 1498 primo
1104 1412 1476 1498 predicavit,
1537 1421 1603 1479 et
1654 1415 1959 1480 instinctu
2012 1415 2329 1480 secundae
2375 1416 2757 1482 Herodiadis

508 1523 652 1565 cum
700 1500 890 1565 sociis
947 1501 1180 1565 suimet
1223 1500 1613 1565 Colomanno
1666 1509 1731 1564 et
1776 1501 2137 1565 Totmanno
2180 1502 2273 1566 ibi
2318 1503 2755 1568 martirizatus

507 1585 652 1651 est2
709 1623 792 1634 ——
846 1586 1474 1665 circumferrentur&
1535 1587 1847 1651 Dominus
1891 1607 2006 1669 per
2050 1607 2192 1651 eum
2237 1587 2413 1652 LXX
2456 1597 2754 1673 operatus

506 1680 606 1737 est
649 1672 994 1752 miracula}
1041 1679 1106 1737 et
1148 1672 1454 1756 magister
1499 1671 1958 1754 coquorum⁶·³
2001 1673 2121 1737 hoc
2166 1674 2407 1754 videns,
2464 1695 2615 1740 suos
2662 1677 2752 1740 sic

507 1760 806 1824 hortatur
865 1758 1244 1842 discipulos:
1311 1757 1598 1837 ‘Nolite’,
1659 1760 1977 1842 inquiens,
2042 1758 2348 1839 ‘tardare,
2412 1761 2527 1826 sed
2586 1783 2753 1845 quae

505 1844 686 1911 vobis
731 1851 882 1909 sunt
925 1844 1201 1924 credita,
1260 1845 1601 1926 diligenter
1647 1853 1715 1910 et
1758 1847 1894 1909 sine
1940 1867 2119 1910 mora
2163 1847 2537 1929 operamini.
2627 1847 2751 1911 Do-

507 1933 719 1996 minus
777 1932 946 1995 enim
1007 1936 1224 1996 noster
1286 1930 1583 1995 Kilianus
1640 1931 1865 1995 inclita
1922 1953 2000 1996 ex
2054 1952 2125 1996 se
2168 1953 2337 1997 nunc
2390 1934 2524 2016 agit
2568 1931 2749 2014 signa

506 2017 748 2100 absque
776 2018 951 2082 omni
979 2017 1201 2082 mora’.
1277 2017 1569 2095 Quantae
1606 2023 1824 2080 autem
1850 2018 2104 2082 virtutis
2140 2038 2337 2102 supra
2363 2023 2751 2083 memoratus

504 2104 723 2186 presul
768 2102 1020 2182 fuisset,
1084 2103 1231 2167 stilo
1274 2101 1816 2185 comprehendere
1863 2123 2268 2187 nequaquam
2314 2104 2578 2184 suffitio,
2636 2104 2749 2168 sed

504 2191 675 2254 hunc
719 2189 891 2273 apud
941 2189 1146 2253 Deum
1195 2189 1409 2269 magni
1457 2209 1597 2252 esse
1642 2190 1858 2253 meriti
1903 2211 1980 2253 ex
2023 2189 2219 2254 corde
2264 2189 2475 2256 credo.

675 2277 736 2342 5.
784 2274 903 2362 (4.)
968 2275 1234 2340 Interim
1273 2274 1607 2338 cuiusdam
1644 2280 1976 2340 matronae
2011 2275 2271 2353 famam,
2307 2297 2475 2359 quae
2509 2275 2752 2341 Hathe-

505 2361 708 2426 burch
763 2360 1114 2437 dicebatur,
1169 2358 1602 2447 [Heinricus]*
1645 2362 2060 2444 comperiens,
2116 2361 2395 2444 qualiter
2444 2381 2586 2426 eam
2624 2363 2751 2426 sibi

504 2447 808 2525 sociaret,
881 2446 1143 2511 iuvenili
1206 2447 1449 2511 exarsit
1510 2467 1749 2512 amore.
1864 2446 2039 2511 Haec
2111 2453 2254 2511 erat
2319 2445 2455 2510 filia
2525 2448 2749 2512 Ervini

506 2535 800 2611 senioris,
861 2535 973 2617 qui
1020 2534 1086 2597 in
1140 2532 1297 2598 urbe
1340 2532 1659 2618 predicta,
1729 2555 1918 2618 quam
1976 2533 2322 2617 Antiquam
2374 2532 2749 2598 civitatem4

506 2620 928 2698 nominamus,
988 2620 1330 2683 maximam
1377 2621 1587 2684 tenuit
1630 2628 1899 2703 partem,
1960 2627 2025 2684 et
2067 2622 2221 2703 quia
2274 2622 2329 2684 is
2372 2618 2577 2684 filium
2620 2640 2748 2683 non

505 2705 761 2784 habuit,
829 2706 1096 2789 geminis
1148 2703 1409 2770 filiabus
1470 2706 1607 2770 suis
1661 2728 1695 2770 e
1748 2705 1956 2770 medio
2012 2704 2399 2771 decedens*
2464 2705 2745 2788 reliquit.

506 2792 604 2857 Ob
652 2793 840 2857 buius
883 2790 1423 2875 pulchritudinem
1483 2798 1552 2856 et
1595 2790 1977 2857 hereditatis
2034 2792 2529 2875 divitiarumque
2575 2791 2749 2855 utili-

504 2884 706 2943 tatem
752 2878 1188 2942 internuntios
1234 2877 1580 2942 Heinricus
1624 2898 1819 2961 quam
1861 2898 2132 2963 propere
2177 2879 2373 2958 misit,
2428 2884 2493 2941 et
2528 2898 2750 2961 quam-

503 2966 598 3029 vis
654 2962 840 3051 [hanc
895 2962 1059 3051 esse]
1115 2962 1421 3029 viduam⁵
1465 2971 1531 3028 et
1576 2966 1773 3028 sciret
1798 2974 1822 3004 ⁰
1867 2962 2161 3042 velatam,
2216 2984 2372 3029 suae
2416 2968 2641 3039 tamen,
2680 2972 2754 3031 ut

506 3050 937 3115 satis*faceret
980 3049 1325 3130 voluntati,
1381 3070 1520 3113 eam
1567 3048 1693 3113 fide
1727 3049 2042 3135 promissa
2074 3050 2319 3135 petivit.
2408 3049 2589 3115 Tunc
2634 3050 2749 3117 illa
2775 3069 2798 3094 *
2818 3073 2904 3121 soz.
2926 3070 2979 3112 ε’.

503 3134 847 3200 multorum
893 3134 1188 3219 precibus
1234 3143 1299 3200 et
1351 3136 1620 3200 consilio
1672 3136 1924 3201 devicta
1977 3136 2321 3202 comitatur
2372 3143 2437 3201 et
2489 3136 2753 3203 honori-

503 3222 622 3287 fice
679 3227 978 3306 suscepta
1048 3242 1123 3286 ac
1181 3220 1527 3287 karitative
1586 3243 1627 3285 a
1690 3223 1856 3303 suis,
1928 3229 2002 3287 ut
2055 3221 2289 3302 decuit,
2348 3228 2450 3287 est
2505 3222 2750 3291 habita.

503 3306 761 3391 Nuptiis
807 3328 884 3372 ex
928 3328 1102 3372 more
1146 3308 1444 3391 peractis,
1491 3328 1761 3390 sponsus
1808 3329 1950 3373 cum
1996 3309 2337 3374 contectali
2382 3308 2465 3375 ad
2514 3310 2749 3374 Merse-

502 3392 703 3458 burch
747 3394 952 3480 venit;
1016 3414 1360 3477 omnesque
1415 3414 1769 3460 convocans
1824 3395 2090 3471 vicinos,
2149 3396 2303 3478 quia
2346 3395 2443 3460 vir
2486 3393 2613 3459 fuit
2654 3396 2747 3457 in-

502 3481 790 3545 dustrius
809 3481 844 3558 f,
892 3486 1078 3545 tanta
1115 3480 1557 3545 familiaritate
1598 3477 1769 3567 [sibi]
1806 3479 2117 3560 adiunxit,
2161 3487 2232 3546 ut
2258 3482 2445 3565 quasi
2472 3482 2748 3546 amicum

503 3567 845 3649 diligerent
886 3574 954 3632 et
997 3573 1071 3632 ut
1114 3567 1442 3632 dominum
1486 3566 1931 3630 honorarentss.

617 3706 673 3771 ²¹³)
707 3706 753 3759 Ι.
791 3707 918 3762 add.
951 3707 1015 3761 V.
1153 3703 1246 3774 **)
1282 3704 1640 3759 hereditatem
1676 3721 1930 3773 magnam
1964 3705 2095 3761 add.
2130 3708 2178 3763 2.

500 3817 546 3869 ι)
574 3822 616 3857 et
633 3829 811 3858 nasum.
875 3816 924 3869 b)
947 3819 1114 3857 ter-timu
1131 3818 1148 3857 1
1165 3827 1350 3858 erasum.
1420 3815 1461 3865 c)
1489 3815 1921 3856 circumstet-erema
1938 3814 1989 3855 A.
2057 3816 2103 3864 d)
2124 3827 2325 3857 cocorum
2352 3818 2391 3859 2.
2456 3816 2500 3867 e)
2528 3826 2552 3855 c
2569 3815 2672 3861 add.
2696 3818 2748 3858 Τ.

501 3870 539 3921 f)
563 3870 776 3910 industris
803 3871 854 3919 A,
879 3870 1076 3910 illustris
1115 3870 1160 3911 V.
1262 3868 1311 3918 g)
1337 3868 1604 3907 honorarent
1627 3869 1678 3918 Δ,
1705 3879 1814 3907 σαι-ν.
1846 3868 1889 3908 V.

461 3997 465 4002 ·
504 3966 556 4033 1)
593 3966 716 4020 Hoc
741 3972 1016 4034 sumptum
1044 3971 1123 4020 est
1149 3981 1217 4019 ex
1244 3966 1390 4017 Ann.
1422 3964 1701 4027 Qaedlinb.
1741 3982 1791 4017 a.
1819 3963 1947 4027 892,
1984 3964 2054 4027 cf.
2083 3962 2382 4025 Dibmmler,
2411 3959 2625 4015 ‘Gescla
2655 3962 2751 4015 des

503 4034 673 4103 Ostsr.
701 4035 948 4090 Reiches'
985 4036 1106 4097 ΙΙΙ,
1143 4033 1261 4088 355.
1416 4034 1470 4094 2)
1508 4033 1725 4086 Necrol.
1763 4032 1964 4088 me.
1998 4047 2138 4086 saec.
2174 4029 2278 4083 IX
2303 4032 2410 4089 (ed.
2445 4029 2749 4107 Dagnmler,

503 4104 932 4171 ‘Forschunyen'
995 4103 1088 4167 VI,
1127 4101 1262 4166 116),
1300 4102 1408 4155 Iul.
1437 4101 1499 4155 8:
1552 4098 1752 4154 Eodem
1790 4100 1877 4155 die
1912 4104 2125 4154 sanctus
2161 4095 2437 4177 thlianus
2474 4110 2747 4163 eplscopus
2775 4100 2781 4106 '

501 4173 558 4226 in
595 4175 768 4226 castro
805 4171 1160 4238 Uuirziburgo
1196 4185 1314 4222 cum
1348 4170 1508 4223 sociis
1545 4170 1655 4223 suis
1692 4168 1990 4224 Totmanno
2033 4164 2328 4235 presb1tero
2363 4170 2421 4219 et
2456 4162 2747 4217 Colmanno

501 4241 721 4295 diacono
768 4240 865 4293 sub
917 4239 1176 4294 Gozberto
1225 4236 1354 4291 duce
1404 4239 1778 4293 martirizavit.
1915 4240 1969 4302 3)
2016 4238 2105 4291 De
2152 4236 2412 4302 magistro
2459 4248 2749 4301 coquorum

503 4313 574 4377 qf.
609 4313 646 4364 I
647 4352 660 4365 .
687 4310 896 4364 Grimm
923 4316 973 4364 et
999 4313 1067 4363 A.
1096 4307 1401 4373 Schmeller,
1431 4307 1578 4363 ‘Lat.
1608 4308 1865 4363 Gedichte
1892 4308 1986 4360 des
2014 4306 2087 4358 X.
2112 4320 2168 4358 u.
2198 4304 2305 4356 XI.
2322 4302 2747 4358 Jahrhunderts’

494 4396 553 4448 p.
580 4382 697 4434 386.
749 4380 819 4432 L.
955 4378 1011 4441 4)
1047 4377 1158 4431 Die
1184 4376 1426 4431 Alistadt
1453 4378 1789 4445 Merseburq.
1841 4376 1911 4429 L.
2039 4372 2093 4439 5)
2132 4372 2404 4427 Maritum
2430 4372 2550 4426 eius
2573 4369 2751 4433 fuisse

502 4450 781 4515 Osdayum
817 4447 1055 4501 comitem
1089 4445 1263 4500 Fallce
1295 4443 1490 4507 (Trad.
1530 4442 1711 4509 Coro.)
1748 4443 2100 4499 halucinatus
2135 4448 2228 4498 est.
