3100 5050
292 1507 445 1561 1017.

306 2051 393 2092 Iul.
412 2052 455 2092 6.

304 2137 395 2177 Iul.
416 2138 455 2176 7.

301 2395 391 2434 Iul.
411 2395 453 2434 8.

274 2737 364 2777 lul.
386 2739 452 2778 10.

280 3508 368 3547 Iul.
388 3510 455 3546 21.

482 417 587 474 228
972 413 1375 470 THIETMARI
1410 413 1674 470 CHRON.
1744 414 1880 472 LIB.
1916 415 2053 471 VIII
2089 417 2255 483 (VII).

484 568 873 646 traheretur,
944 567 1183 632 auxilio
1243 567 1483 652 prefati
1543 567 1726 633 ducis
1787 569 2004 635 sedem
2066 589 2248 634 suam
2317 570 2376 634 is
2437 591 2480 634 a
2537 569 2732 634 tertio

484 656 716 721 Ottone
760 652 845 718 ad
888 652 1234 736 regendum
1280 654 1587 738 suscepit;
1634 654 1714 719 de
1757 675 1889 738 qua
1930 661 2080 739 post
2121 660 2390 720 mortem
2427 654 2731 718 Bolizlavi

482 740 753 806 senioris
814 738 897 804 ab
962 739 1265 822 equivoco
1328 738 1465 804 eius
1527 747 1593 804 et
1651 739 1783 804 filio
1853 762 2003 825 sepe
2072 740 2379 825 expulsus
2445 739 2637 806 toties
2693 763 2734 806 a

484 825 849 892 marchione
905 823 1277 890 Ekkihardo
1330 825 1662 891 reducitur
1721 833 1786 892 et
1827 847 2094 910 magnas
2142 827 2388 910 patitur
2440 826 2730 891 iniurias.

483 911 643 977 Hic*
694 910 1007 993 hospites,
1058 908 1179 1060 gut]
1232 917 1495 976 sanctus
1547 910 1730 976 iubet
1779 911 2150 996 Gregorius,
2205 932 2333 979 non
2387 912 2593 976 solum
2645 913 2730 977 ad

482 998 586 1063 *se
629 995 942 1074 invitavit,
987 1017 1055 1061 se
1143 996 1341 1062 etiam
1387 996 1609 1076 traxit,
1653 997 1776 1062 hoc
1817 999 2167 1062 maximum
2205 998 2450 1063 habens
2487 996 2729 1062 vitium.
2760 1015 2787 1038 *
2807 1019 2902 1066 soz.
2926 1019 3022 1058 167¹.

484 1083 654 1167 quod
712 1082 795 1147 ob
851 1082 1147 1146 morbum
1202 1081 1325 1146 sibi
1382 1083 1820 1148 innocentem'³
1877 1082 2143 1149 bibebat
2195 1104 2392 1169 supra
2450 1083 2729 1150 modum.

483 1167 871 1234 Paraliticus
928 1169 1099 1233 enim
1157 1173 1325 1246 erat,
1384 1189 1692 1234 manuum
1748 1174 2066 1235 tremore⁰
2119 1169 2383 1235 assiduo
2436 1171 2574 1234 sine
2629 1190 2733 1234 as-

485 1255 795 1320 stantium
848 1253 1089 1318 auxilio
1187 1253 1649 1319 resbiterorum
1707 1256 1974 1320 missam
2027 1275 2258 1321 canere
2317 1275 2445 1320 non
2492 1255 2730 1339 potuit:

484 1341 702 1424 sicque
746 1359 951 1422 usque
996 1337 1082 1404 ad
1170 1360 1315 1404 nem
1359 1339 1776 1424 languescens
1827 1339 2030 1420 bonis,
2083 1346 2164 1405 ut
2203 1361 2406 1424 spero,
2451 1341 2730 1406 animam

481 1425 755 1491 curabat
796 1424 1373 1510 medicaminibus]

651 1513 754 1579 57.
784 1509 944 1598 (42.)
986 1511 1009 1533 *
1025 1508 1343 1598 [Interea‘l
1368 1510 1810 1576 Mararenses0
1835 1511 2142 1577 Bolizlavi
2167 1511 2403 1576 milites
2429 1531 2726 1595 magnam
2762 1529 2790 1553 *
2823 1543 2948 1573 man.
2968 1535 3013 1572 T.

483 1597 917 1662 Bawariorum
945 1606 1269 1660 catervam
1296 1596 1447 1661 dolo
1476 1598 2044 1663 circumvenientes
2066 1598 2392 1663 incautam
2410 1596 2733 1675 occidunt,

483 1683 829 1766 dampnum
891 1681 1018 1746 sibi
1069 1679 1153 1746 ab
1204 1683 1299 1747 eis
1349 1682 1604 1747 illatum
1663 1683 1845 1766 prius
1915 1683 1999 1748 ad
2049 1689 2304 1766 partem
2355 1681 2533 1749 haud
2567 1681 2732 1746 *exi-
2762 1701 2789 1724 *
2813 1715 2874 1752 p.
2893 1703 2987 1744 855.

482 1790 673 1852 guam
717 1767 1141 1834 ulciscentesf.
1243 1767 1443 1832 Cesar
1488 1788 1638 1832 vero
1689 1769 1774 1834 ad
1816 1771 2128 1834 orientem
2165 1768 2438 1834 tendens
2480 1769 2732 1852 inpera-

480 1851 729 1941 tricem]
783 1852 904 1918 *ad
956 1873 1027 1918 se
1069 1853 1135 1917 in
1185 1853 1355 1932 1000,
1408 1854 1524 1937 qui
1571 1854 2148 1920 Pathrebrunnunss
2199 1854 2462 1934 dicitur,
2517 1853 2733 1919 venire
2762 1872 2786 1895 *
2820 1887 2943 1916 man.
2963 1877 3013 1915 D.

481 1939 721 2005 iubet1.
810 1939 969 2004 Inde
1003 1937 1191 2004 ambo
1227 1960 1431 2023 usque
1478 1939 1565 2005 ad
1600 1939 2046 2025 Magadaburg
2089 1939 2363 2024 profecti
2409 1961 2450 2005 a
2487 1939 2739 2005 Gerone

482 2025 963 2109 archiepiscopo
1030 2023 1377 2089 honorifice
1446 2029 1731 2110 suscepti
1798 2032 1968 2091 sunt.
2083 2027 2158 2091 In
2227 2025 2522 2110 sequenti
2587 2046 2740 2090 vero

482 2117 688 2189 nocte,
723 2109 793 2175 id
818 2117 919 2176 est
944 2109 1269 2176 dominica
1302 2117 1369 2175 et
1392 2109 1558 2176 Non.
1587 2111 1754 2192 Iulii,
1806 2122 1935 2179 tem
1981 2119 2152 2178 estas
2183 2112 2427 2196 ingruit
2450 2111 2738 2188 horrida,

486 2197 773 2262 homines
827 2217 974 2262 cum
1024 2195 1365 2280 pecoribus
1416 2196 1609 2261 simul
1662 2203 1728 2262 et
1779 2133 2088 2263 aedificiis
2139 2218 2217 2264 ac
2268 2197 2560 2281 frugibus
2606 2197 2738 2262 late

483 2303 879 2349 consumens,
984 2283 1316 2347 Inmensus
1362 2302 1620 2366 quoque
1672 2283 1892 2366 fragor
1941 2285 2134 2349 silvas
2185 2284 2558 2348 concutiens
2603 2283 2740 2347 vias

483 2390 703 2435 omnes
746 2368 938 2433 nimis
986 2366 1361 2452 occupabat.
1452 2368 1720 2434 Postera
1763 2369 1868 2434 die
1911 2370 2246 2453 inperator
2283 2389 2432 2434 cum
2469 2368 2740 2451 coniuge

482 2460 547 2521 et
599 2455 921 2519 excercitu
966 2453 1180 2518 Albim
1229 2453 1550 2518 transiens
1612 2454 1698 2520 ad
1748 2454 2046 2535 Liesca2,
2113 2463 2360 2520 curtem
2415 2453 2740 2539 quondam

484 2542 754 2625 Vigonis
789 2538 1115 2625 episcopi3
1150 2546 1217 2605 et
1254 2548 1406 2606 tunc
1446 2540 1602 2606 feris
1639 2541 2214 2608 innumerabilibus
2249 2540 2675 2607 inhabitatam
2687 2542 2740 2612 ¹¹..

481 2627 655 2692 venit
717 2626 1009 2710 duasque
1075 2625 1332 2709 ibidem,
1379 2633 1599 2693 noctes
1665 2630 1733 2692 in
1793 2629 2024 2693 castris
2089 2628 2316 2694 sedens
2373 2626 2738 2693 tardantem

483 2712 743 2778 turbam
769 2712 1148 2796 expectavit.
1220 2714 1306 2778 Et
1330 2719 1475 2796 post
1511 2713 1672 2779 haec
1697 2724 1990 2797 regressa
2023 2714 2412 2798 inperatrice
2433 2714 2739 2778 caeteris-

482 2820 605 2882 que
669 2797 1102 2883 compluribus
1170 2798 1307 2883 ipse
1366 2800 1702 2863 turmatim
1767 2800 2098 2883 processit.
2215 2800 2368 2884 Ipsa
2420 2819 2569 2864 vero
2630 2798 2738 2863 die

479 2885 823 2950 Heinricus
868 2882 1193 2969 quondam
1228 2884 1664 2950 Bawariorum
1708 2884 1871 2950 *dux
1916 2906 1957 2950 a
1997 2884 2344 2963 Bolizlavo,
2391 2905 2516 2968 quo
2557 2884 2739 2969 pacis
2768 2902 2792 2926 *
2813 2907 2906 2954 soz.
2932 2907 3017 2946 168.

480 2970 833 3035 firmandae
875 2970 1087 3054 gratia
1129 2970 1429 3053 perrexit,
1476 2990 1623 3035 cum
1666 2972 1916 3036 nunciis
1961 2971 2248 3035 eiusdem
2282 2970 2500 3051 rediit3
2548 2990 2739 3052 quem

481 3057 813 3141 inperator
878 3055 1107 3121 audita
1170 3055 1551 3121 referentem
1619 3076 1738 3122 sua
1799 3057 2031 3121 iterum
2096 3057 2426 3141 legacione
2489 3056 2742 3121 remisit

481 3142 699 3225 nilque
743 3142 835 3207 ibi
875 3140 1317 3225 proficientem
1370 3141 1455 3207 ad
1498 3141 1824 3207 dominam
1877 3149 1945 3207 et
1989 3162 2273 3214 sororem
2329 3162 2515 3207 suam
2559 3139 2740 3206 abire

480 3227 653 3293 sinit.

652 3314 756 3380 58.
814 3312 975 3397 (43.)
1060 3312 1317 3377 Interea
1375 3313 1441 3377 in
1498 3320 1716 3379 monte
1774 3313 1983 3379 sancti
2034 3305 2340 3378 Iohannis
2396 3312 2738 3397 baptistae,

484 3399 594 3482 qui
647 3400 829 3465 iuxta
871 3398 1395 3482 Parthenopolim
1445 3399 1696 3482 positus
1740 3399 1946 3464 eidem
2000 3406 2098 3464 est
2145 3419 2288 3463 cum
2333 3398 2738 3483 appertinen-

482 3484 655 3551 tibus
700 3486 1012 3550 universis
1055 3483 1373 3563 subdituS,
1426 3506 1531 3549 res
1575 3484 1922 3550 admodum
1973 3482 2361 3550 miserabilis
2406 3483 2555 3551 XII.
2590 3483 2735 3548 Kal.

485 3574 641 3653 Aug.
690 3578 755 3636 et
799 3570 1122 3635 dominica
1166 3568 1397 3659 [nocte]
1440 3570 1694 3636 accidit.
1783 3571 2033 3636 Horum
2073 3570 2139 3634 in
2176 3570 2552 3635 dormitorio
2587 3588 2738 3633 con-

484 3655 759 3721 fratrum
784 3657 1049 3721 lucerna
1090 3656 1408 3739 quaedam
1446 3655 1680 3721 ardens
1714 3657 1922 3723 maior
1955 3655 2143 3722 solito
2177 3656 2392 3721 illuxit
2425 3661 2489 3721 et
2521 3655 2739 3739 prox-i-

485 3764 591 3807 ma
626 3763 944 3827 occupans
978 3742 1115 3822 hoc,
1165 3740 1401 3807 ibidem
1431 3742 1908 3828 quiescentibus
1941 3741 2011 3807 id
2038 3761 2182 3808 sero
2208 3739 2733 3825 intelligentibus

486 3904 531 3957 a)
556 3906 653 3945 Hac
670 3908 728 3946 D.
831 3903 883 3956 b)
906 3906 952 3945 fn
972 3916 1138 3946 erasum
1155 3908 1193 3945 1.
1300 3904 1343 3955 c)
1370 3908 1600 3945 tremorem
1619 3906 1847 3945 assiduum
1867 3917 1974 3946 corr.
1996 3909 2182 3946 tremore
2199 3904 2382 3945 assidua
2399 3907 2440 3945 1.
2544 3904 2590 3953 d)
2614 3904 2739 3944 lineis

484 3961 603 3997 sexta
628 3960 666 3996 et
690 3958 865 4007 septima
890 3958 1037 3997 vacuis
1064 3958 1221 3997 relictis
1239 3957 1279 3996 D
1299 3957 1347 3997 in
1371 3960 1517 3997 octava
1541 3958 1719 3998 scribere
1745 3959 1961 4007 aliquanto
1979 3959 2078 4007 poet
2087 3958 2362 4007 perunxerat,-
2387 3958 2530 4006 postea
2550 3954 2590 3995 Τ
2601 3956 2737 3996 verbis

484 4010 659 4050 Interea
674 4028 722 4039 —
744 4009 872 4058 (lamp
896 4012 1055 4048 sextam
1080 4012 1117 4048 et
1140 4009 1353 4057 septimam
1378 4008 1515 4049 lineas
1543 4010 1722 4060 οωρῑιυίε
1749 4012 1788 4049 ee
1809 4010 1944 4049 erasis
1968 4011 2116 4049 octava
2141 4011 2180 4047 et
2197 4012 2324 4058 parte
2349 4020 2483 4049 nonae
2509 4008 2663 4048 maiore
2689 4010 2739 4049 in

485 4072 639 4101 rusum
663 4062 833 4111 scripsit
858 4069 962 4099 num
992 4060 1079 4100 sibi
1096 4081 1144 4089 -—
1163 4060 1482 4110 inperatricem.
1608 4059 1652 4111 e)
1687 4071 1796 4101 mor.
1831 4060 2019 4101 radendo
2053 4062 2157 4110 atqu.
2195 4070 2305 4100 corr.
2331 4064 2372 4101 1.
2493 4060 2530 4110 f)
2563 4061 2737 4100 ulcisci·

487 4116 660 4153 scentes
687 4115 727 4152 1.
830 4112 877 4163 g)
901 4112 1097 4161 pathelb.
1116 4112 1173 4162 D,
1200 4123 1306 4152 corr.
1334 4112 1381 4151 Τ.
1485 4110 1535 4163 h)
1560 4112 1589 4151 h
1615 4111 1718 4153 add.
1741 4114 1789 4157 Τ.
2234 4118 2241 4121 “

490 4242 541 4308 Ι)
588 4240 741 4307 Confi
778 4239 1015 4296 ‘Jahrbss
1051 4242 1173 4301 ΙΙΙ,
1208 4241 1293 4295 55.
1432 4242 1485 4303 2)
1532 4242 1816 4308 Leiskau,·
1866 4244 1938 4309 cf.
1977 4242 2077 4305 VI,
2115 4242 2199 4296 19.
2334 4239 2390 4306 3)
2435 4240 2735 4309 Wiqmem,

486 4312 583 4379 qui
604 4310 740 4366 1017
766 4310 929 4365 Febr.
948 4306 1015 4364 22
1039 4310 1099 4364 in
1123 4310 1259 4365 vivis
1271 4310 1397 4375 fuit
1426 4310 1502 4371 (v.
1529 4326 1703 4379 supra
1729 4327 1772 4366 c.
1791 4312 1902 4377 52),
1929 4317 2055 4366 ante
2075 4310 2440 4365 memorum
2465 4314 2734 4363 mortuum

473 4390 600 4435 'esse
642 4395 707 4433 ex
750 4380 849 4434 hoc
892 4380 1006 4433 loco
1049 4380 1301 4433 nonnulli
1318 4379 1478 4445 falso
1514 4380 1868 4435 coniecerunt.
1946 4380 2109 4433 Diem
2146 4380 2333 4433 mortis
2369 4378 2490 4433 eius
2515 4378 2734 4433 Nee-rol.

485 4448 691 4503 Luneb.
728 4448 938 4503 exhibet
969 4450 1098 4502 Ian.
1124 4449 1190 4502 14
1198 4466 1213 4511 ;
1250 4448 1315 4501 de
1350 4464 1495 4502 anno
1528 4448 1670 4503 nihil
1705 4454 1944 4503 constat.-
