3100 5050
425 378 494 431 92
1019 376 1423 433 THIETMARI
1456 377 1720 434 CHRON.
1789 378 1926 433 LIB.
1964 378 2097 433 1111.

196 542 392 609 (1002).
428 531 740 614 paulatim
787 530 1268 614 erumpentibus
1313 530 1735 596 infirmatur¹.
1828 531 1951 609 Qui
1994 531 2157 598 facie
2194 532 2405 597 clarus
2440 552 2517 595 ac
2552 529 2677 595 fide

333 639 398 677 „.
425 615 2115 787 16111111161111111111
2140 617 2449 770 :aa

937 753 952 783 ²
2455 753 2470 781 ἱ

424 796 714 872 tempore
767 810 840 855 eo
893 810 1020 855 non
1074 788 1200 855 fuit
1249 789 1420 854 ullus
1473 790 1713 872 largior
1765 812 1839 855 ac
1882 812 1997 875 per
2040 791 2255 856 omnia
2297 789 2679 855 clemencior

119 892 400 945 *roal-12⁸.
427 875 558 940 illc.
647 874 825 962 Alsa
867 886 922 941 et
966 876 1021 938 Ο
1065 876 1448 941 misereatur
1501 887 1618 940 eo*
1660 875 1949 942 tribuens
2005 898 2121 962 pro
2164 876 2381 959 parvis
2427 896 2675 959 magna,

425 981 543 1045 pro
585 960 1046 1046 temporalibus
1092 962 1498 1046 sempiterna.

595 1050 698 1115 50.
771 1046 932 1134 (31.)
1027 1045 1134 1111 Hii
1203 1054 1446 1127 autem,
1520 1048 1633 1131 qui
1702 1047 2005 1112 extremis
2066 1048 2205 1111 eius
2265 1047 2677 1127 intererantb‚

426 1132 588 1200 haec
640 1140 772 1199 tam
827 1132 940 1197 diu
993 1132 1315 1218 celabant,
1379 1133 1592 1217 quoad
1648 1134 1965 1199 exercitus
2016 1133 2299 1216 undique
2352 1140 2490 1197 tum
2548 1132 2678 1197 dis-

424 1241 652 1305 persus
686 1241 802 1305 per
836 1220 1266 1285 internuntios
1302 1220 1726 1303 colligeretur.
1789 1220 1966 1284 Tunc
2000 1220 2213 1285 tristis
2246 1219 2435 1284 turba
2461 1218 2679 1284 dilecti

426 1306 697 1373 senioris
763 1325 994 1389 corpus
1057 1306 1360 1371 comitata
1427 1326 1695 1389 magnas
1756 1305 2068 1371 bellorum
2123 1305 2509 1388 asperitates
2552 1304 2679 1371 VII

427 1392 566 1457 dies
610 1391 913 1457 continue
954 1412 1259 1476 perpessa
1303 1399 1426 1471 est3
1477 1392 1781 1475 nullaque
1828 1390 2191 1457 securitatis
2239 1390 2555 1457 certitudo
2600 1391 2679 1456 ab

425 1476 721 1543 hostibus
757 1497 1062 1543 concessa
1099 1483 1214 1558 est,
1249 1478 1377 1543 nisi
1410 1485 1546 1543 tum
1585 1477 1943 1556 dumtaxat,
1987 1477 2247 1560 quando
2282 1477 2367 1543 ad
2404 1478 2679 1543 Bernam

425 1564 811 1649 perveniunt
870 1563 1217 1630 civitatem.
1326 1564 1495 1629 Exin
1565 1585 1710 1629 cum
1781 1563 1864 1629 ad
1926 1562 2368 1647 *pollingun-³,
2430 1569 2681 1629 curtem
2711 1564 2919 1617 ‘sd-⁶⁸·

429 1648 718 1734 Sigifridi
769 1649 1048 1733 presulis
1105 1650 1514 1735 A'ugustanae
1533 1650 1584 1730 4,
1640 1652 1953 1730 venirent,
2016 1649 2099 1714 ab
2155 1649 2459 1714 Heinrico
2519 1649 2683 1714 duce

429 1736 711 1821 suscepti
772 1734 1058 1801 lacrimis
1111 1735 1397 1802 eiusdem
1442 1737 1845 1802 vehementer
1887 1736 2122 1801 iterum
2166 1736 2467 1800 commoti
2511 1742 2681 1800 sunt.

429 1824 602 1902 Quos
659 1822 1056 1905 singulatim,
1115 1829 1188 1888 ut
1243 1844 1312 1887 se
1368 1824 1436 1887 in
1493 1822 1825 1888 dominum
1884 1821 2009 1887 sibi
2060 1830 2129 1886 et
2178 1842 2390 1905 regem
2446 1821 2681 1904 eligere

427 1909 795 1987 voluissent,
840 1908 1061 1973 multis
1099 1908 1631 1993 promissionibus
1672 1909 1987 1988 hortatur3
2035 1915 2100 1973 et
2138 1928 2368 1991 corpus
2407 1908 2681 1992 impera-

425 1994 585 2061 toris
653 2015 799 2060 cum
869 2002 1188 2079 apparatu
1258 1995 1609 2079 imperiali,
1691 1995 1916 2059 lancea
1986 1993 2325 2059 dumtaxat
2394 2000 2679 2077 excepta,

427 2102 620 2166 quam
657 2080 1037 2146 Hei-ibertus
1086 2079 1484 2165 archipresul
1528 2081 1694 2145 clam
1732 2082 2111 2165 premittens
2156 2100 2337 2145 suam
2376 2081 2683 2163 sumpsit⁰

427 2168 496 2232 in
562 2172 968 2252 potestatem.
1073 2166 1618 2249 Archiepiscopus
1688 2172 1904 2231 autem
1976 2166 2269 2232 custodia
2338 2187 2683 2251 parumper

429 2253 730 2319 detentus
772 2253 998 2319 relicto
1035 2251 1127 2317 ibi
1160 2274 1278 2336 pro
1315 2252 1677 2317 vadimonio
1706 2252 1939 2317 suimet
1964 2252 2199 2317 fratre⁵
2243 2273 2387 2317 011111
2422 2252 2683 2317 licentia

429 2339 615 2418 abiit,
679 2361 756 2405 ac
812 2359 1062 2405 sacram
1119 2360 1266 2405 mox
1328 2339 1615 2405 lanceam
1672 2338 1935 2403 remisit.
2039 2338 2101 2403 Is
2159 2359 2303 2403 cum
2362 2337 2680 2417 omnibus,

430 2427 538 2509 qui
607 2425 734 2492 huc
803 2426 1192 2510 inperatoris
1261 2424 1454 2490 funus
1526 2423 1985 2508 sequebantur,
2063 2431 2327 2508 excepto
2396 2425 2685 2490 antistite

430 2510 754 2596 Sigifrido,
799 2511 950 2578 duci
993 2518 1148 2578 tunc
1191 2533 1318 2577 non
1367 2509 1872 2591 consenciebatd,
1920 2533 2126 2595 neque
2164 2511 2458 2577 0111111110θ
2494 2510 2683 2577 dene-

428 2597 689 2684 gabatd,
744 2599 855 2663 sed
903 2599 1063 2682 quof
1103 2598 1332 2663 melior
1377 2606 1442 2664 et
1483 2599 1691 2663 maior
1734 2598 1957 2681 populi
2001 2599 2211 2663 tocius
2263 2617 2415 2681 pars
2466 2619 2535 2663 se
2588 2599 2682 2663 in-

430 2686 718 2765 clinaret,
765 2683 1037 2750 libenter
1079 2705 1491 2751 assensurum
1536 2683 2025 2769 pronunciabat.

598 2773 701 2838 51.
804 2771 948 2835 Dux
997 2791 1148 2836 vero
1205 2792 1350 2836 cum
1416 2770 1518 2836 his
1577 2772 2016 2854 Augustanam
2075 2770 2400 2853 attingens
2460 2769 2682 2835 urbem

429 2858 647 2924 dilecti
700 2857 970 2923 senioris
1023 2857 1330 2921 intestina
1383 2856 1635 2922 duabus
1687 2856 2048 2939 lagunculis
2108 2857 2286 2940 prius
2348 2855 2686 2939 diligenter

429 2945 714 3027 reposita
747 2945 814 3008 in
851 2945 1137 3008 oratorio
1173 2944 1381 3009 sancti
1421 2942 1695 3029 presulis
1724 2942 2050 3023 Othelrici,
2088 2941 2259 3026 quod
2287 2942 2353 3006 in
2381 2941 2685 3007 honorem

430 3031 570 3096 eius
613 3028 985 3109 Liudulfus,
1039 3029 1326 3095 eiusdem
1371 3029 1721 3095 aecclesiae
1766 3029 2129 3113 episcopus,
2184 3030 2566 3107 construxit,
2618 3029 2690 3094 in.

429 3116 701 3182 australi
752 3120 939 3200 parte
990 3117 1367 3181 monasterii
1413 3122 1674 3180 sanctae
1718 3116 2023 3196 martyris
2068 3115 2264 3179 Afrae
2318 3113 2686 3198 sepulturae

430 3200 791 3267 honorabili
846 3200 1119 3266 tradidit
1171 3208 1235 3267 et
1277 3202 1360 3267 ob
1403 3203 1658 3267 animae
1700 3199 2053 3266 remedium
2100 3222 2255 3268 suae
2293 3198 2389 3290 [C]
2428 3220 2686 3266 mansos

429 3289 723 3373 propriae
765 3287 1148 3352 hereditatis
1192 3289 1526 3353 concessit.
1621 3287 1990 3372 Deindeque
2036 3287 2301 3351 dimissa
2346 3308 2489 3351 cum
2527 3307 2685 3371 pace

429 3394 664 3458 magna
708 3372 1119 3439 multitudine
1177 3372 1260 3439 ad
1307 3375 1635 3439 civitatem
1683 3394 1884 3450 suam,
1938 3394 2105 3458 quae
2141 3372 2323 3437 Nova
2361 3371 2684 3450 vocaturss,

432 3481 664 3544 corpus
716 3460 958 3527 cesaris
1009 3461 1443 3545 prosequitur.
1541 3461 1904 3543 Posteaque
1957 3458 2038 3524 ab
2094 3459 2401 3543 equivoco
2456 3460 2689 3524 suimet

431 3547 765 3627 HeinricO,
846 3547 1030 3612 cuius
1109 3566 1388 3612 sororem
1459 3545 1708 3611 vivente
1768 3546 2206 3629 *inperatoress
2276 3547 2403 3610 iam
2485 3544 2685 3620 duxit,
2715 3561 2736 3584 *
2756 3561 2839 3611 sol·
2861 3561 2937 3603 68⁴-

432 3633 806 3718 suppliciter
862 3639 1170 3698 exoratus
1239 3632 1500 3697 tandem
1554 3653 1787 3714 corpus
1852 3630 2212 3696 valedicens
2271 3631 2536 3714 singulis
2604 3630 2685 3694 ad

432 3721 574 3786 loca
617 3719 942 3785 destinata
988 3719 1253 3784 dimisit.

431 3891 477 3943 a)
500 3894 544 3933 el
567 3893 612 3935 V.
729 3893 776 3943 b)
799 3893 1042 3932 inter-erent
1067 3893 1119 3941 Β,
1146 3903 1254 3931 corr.
1277 3893 1324 3931 T.
1459 3891 1501 3941 c)
1531 3893 1676 3941 nupsit
1701 3894 1739 3931 1.
1878 3891 1923 3940 d)
1954 3891 2292 3939 consentiebant,
2329 3887 2605 3937 denegabant
2630 3889 2685 3927 B.

433 3950 474 3991 e)
499 3956 584 3984 non
614 3946 756 3984 inserit
781 3946 822 3984 2.
930 3944 968 3994 f)
993 3944 1069 3992 qut
1096 3945 1148 3992 B,
1176 3955 1283 3984 corr.
1307 3945 1355 3983 Τ.
1463 3943 1510 3994 g)
1533 3944 1824 3993 inperatorem
1853 3945 1905 3984 Β.

436 4085 486 4149 1)
523 4083 776 4139 Fabulae
804 4084 868 4137 de
895 4088 1060 4136 morte
1089 4082 1298 4138 ottonis
1331 4088 1564 4137 narrant
1597 4081 1917 4150 Landulfus
1965 4080 2089 4142 (SS.
2129 4079 2301 4142 VIII)
2345 4080 2429 4142 II,
2468 4077 2688 4139 18—19‚

435 4153 500 4207 Si
534 4153 745 4207 ebertus
771 4151 894 4213 (SS.
934 4151 1057 4216 VI),
1086 4152 1231 4205 Amo.
1261 4147 1440 4206 Golon.
1472 4153 1716 4206 Maximi
1746 4151 1871 4213 (SS.
1902 4150 2123 4210 XVII).
2262 4149 2314 4212 2)
2352 4149 2445 4202 Em
2473 4147 2689 4201 Nec-rol.

505 4237 604 4276 ers.
632 4227 796 4288 parte
830 4220 1137 4288 deperdita,-
1178 4221 1406 4274 eundem
1443 4221 1588 4274 diem
1621 4221 1825 4275 habent
1859 4221 2003 4273 Anu.
2042 4216 2229 4281 Quodl.
2368 4217 2422 4280 3)
2473 4217 2691 4284 Polliny

433 4292 590 4344 iuxta
623 4291 850 4356 fluvium
887 4291 1124 4356 Amnum,
1161 4290 1316 4355 infra
1367 4288 1663 4346 Weaheim.
1732 4290 1803 4343 L.
1940 4287 1995 4350 4)
2033 4285 2300 4352 Episcopi
2336 4285 2691 4342 1000—1006.

434 4361 488 4426 5)
528 4360 790 4413 Heinn‘oo
825 4359 1076 4426 episcopo
1121 4358 1554 4426 Wilrzburqensi
1587 4355 1934 4418 996—10183
1986 4371 2035 4408 v.
2078 4355 2173 4421 VI,
2210 4357 2294 4410 32.
2446 4355 2499 4420 6)
2538 4355 2689 4409 Neu·

436 4430 561 4498 bery
595 4430 752 4484 iuxta
789 4428 1130 4483 Danubium.
1199 4429 1269 4482 L.
