3100 5050
175 1024 376 1076 Eoan.
396 1025 460 1078 11,

238 1077 278 1126 8,
303 1077 394 1121 ³⁰4.

171 2934 288 2977 wid.
316 2936 354 2986 1,
385 2936 453 2978 ³8.

280 3108 440 3175 (924).

169 3554 307 3606 (wia.
318 3556 356 3606 1,
365 3557 452 3609 39).

490 356 557 410 10
1116 355 1522 412 ΤΗΙΕΤΜΑΒΙ
1558 330 1817 415 onnon.
1887 358 2025 414 Lm.
2062 359 2107 414 1.

488 507 711 574 meael
755 506 857 596 [ac
901 530 980 574 ex
1023 509 1156 575 alia
1199 510 1487 599 nurusj2,
1534 517 1601 578 et
1643 513 1814 597 quod
1860 515 2029 578 inter
2072 514 2315 580 amicos
2357 515 2733 599 precipuum

487 600 612 679 est,
657 593 1200 662 familiarissimae
1246 597 1423 678 mihi,
1479 597 1559 664 de
1604 619 1733 682 qua
1774 599 1844 665 in
1888 599 2303 684 sequentibus
2348 599 2736 666 edisseram·

487 680 906 747 enucleacius,
996 681 1159 767 Sepe
1204 682 1363 748 mihi
1407 683 1661 763 accidit,
1708 696 1779 751 ut
1822 687 1889 750 in
1932 692 2117 751 nocte
2159 686 2335 769 ligna
2379 686 2578 752 incidi
2620 708 2733 752 au-

484 766 706 846 direm,
756 774 822 832 et
866 768 1063 833 semel
1107 767 1444 834 defunctos
1487 771 1734 854 pariter
1776 772 2209 857 colloquentes
2254 793 2367 857 ego
2412 778 2476 838 et
2520 774 2734 839 socius

485 873 666 918 meus
711 855 982 920 caeteris
1026 854 1494 921 dormientibus
1539 857 1879 923 manifeste
1918 859 2192 942 percepi,
2239 865 2305 924 et
2338 858 2404 922 in
2440 859 2541 924 his
2578 859 2733 924 duo-

480 937 604 1004 bus
647 938 846 1021 signis
891 938 1233 1028 '‘[crastino
1305 941 1797 1024 subsecuturum
1842 944 2035 1010 funus
2080 944 2385 1011 intellexi.

661 1027 759 1091 14.
833 1026 976 1091 Etsi
1029 1047 1147 1109 ego
1237 1051 1443 1113 ungar
1492 1029 1621 1094 vice
1674 1031 1853 1111 cotis,
1915 1029 2153 1096 ferrum
2210 1036 2274 1096 et
2324 1051 2452 1095 non
2508 1050 2576 1094 se
2628 1051 2732 1094 ex-

483 1110 844 1191 acuentis3,
899 1119 1115 1178 tamen
1159 1133 1238 1177 ne
1283 1113 1446 1178 muti
1492 1116 1672 1180 oanis
1717 1114 2056 1201 obprobrio
2101 1122 2309 1196 noter,
2362 1116 2731 1182 inlitteratis

484 1204 548 1262 et
592 1199 869 1264 maxime
917 1197 1185 1278 Sclavis,
1240 1200 1354 1282 qui
1407 1221 1555 1265 cum
1607 1207 1810 1267 morte
1854 1203 2192 1284 temporali
2248 1204 2463 1268 omnia
2504 1206 2733 1286 putant

481 1282 670 1362 finiri,
715 1283 875 1349 haec
919 1285 1166 1368 loquor,
1213 1285 1663 1352 certitudinem
1705 1289 2239 1353 ressurreccionis
2276 1296 2341 1353 et
2374 1309 2488 1373 pro
2526 1288 2729 1370 quali-

482 1375 616 1435 tate
659 1371 875 1436 meriti
919 1370 1176 1436 futurae
1218 1374 1799 1439 remunerationisb
1843 1373 2115 1438 firmiter
2158 1372 2447 1439 indicens
2490 1374 2733 1439 cunctis

480 1455 796 1522 fidelibus.
859 1455 1017 1521 Tres
1051 1477 1330 1540 namque
1365 1465 1515 1524 sunt
1548 1460 1823 1539 animae,
1860 1481 1985 1524 non
2020 1460 2333 1543 equaliter
2360 1461 2735 1545 incipientes

479 1563 597 1607 nec
640 1541 832 1606 simul
875 1541 1232 1614 finientes4.
1315 1543 1533 1610 Prima
1568 1546 1939 1628 angelorum
1975 1546 2519 1629 incorporeorum,
2568 1567 2734 1630 quae

480 1649 624 1694 oum
671 1628 763 1694 eis
809 1633 907 1694 est
949 1629 1086 1694 sine
1129 1630 1322 1695 inicio
1371 1636 1436 1695 et
1477 1632 1778 1712 termin03
1827 1631 1923 1696 11⁸
1983 1630 2329 1708 hominum,
2377 1652 2542 1714 quae
2588 1653 2732 1696 cum

479 1716 573 1780 eis
636 1714 832 1780 sumit
892 1714 1252 1796 exordium,
1321 1716 1433 1781 sed
1493 1717 1560 1782 in
1623 1716 1748 1784 fine
1811 1739 1935 1783 non
1996 1716 2241 1782 habens
2300 1717 2731 1800 participium.

479 1800 772 1884 Namque
817 1801 1176 1867 inmortalis
1222 1810 1336 1882 est,
1393 1808 1456 1868 et
1501 1811 1575 1868 ut
1617 1804 1879 1888 quidam
1924 1803 2191 1887 gentiles
2237 1804 2609 1884 opinantur,
2664 1804 2731 1866 in

479 1885 699 1952 futuro
745 1907 873 1951 non
918 1886 1160 1954 habens
1205 1888 1326 1954 hoc
1369 1888 1662 1968 offitium,
1710 1889 1880 1974 quod
1925 1891 1990 1954 in
2027 1889 2145 1955 hoc
2182 1887 2416 1954 secu10.
2506 1887 2734 1952 Tereia

479 1973 722 2058 species
753 1979 852 2039 est
877 1975 1134 2040 animae
1162 1974 1556 2058 paecudutnc
1592 1997 1670 2041 ac
1696 1976 2070 2056 volatilium,
2100 1996 2263 2060 quae
2293 1996 2436 2040 cum
2462 1993 2731 2056 corpore

475 2080 697 2144 parem
755 2061 932 2124 inicii
991 2059 1262 2144 finisque
1321 2062 1592 2126 sortitur
1650 2064 2087 2146 equalitatem.
2196 2060 2380 2126 Unde
2438 2061 2605 2126 sicut
2665 2060 2731 2123 in

477 2148 620 2228 lege
666 2146 874 2231 Moysi
919 2167 958 2210 a
1003 2147 1278 2212 Domino
1323 2146 1514 2211 data‘1
1559 2149 1940 2232 precipitur,
1995 2149 2089 2213 ita
2132 2169 2315 2212 verus
2360 2144 2735 2212 christicola

481 2231 563 2308 ab
599 2252 824 2296 eorum
861 2233 1172 2316 sanguine
1208 2233 1472 2320 nequa-'⁸‘
1485 2253 1678 2317 quam
1721 2235 1920 2316 pollui
1955 2235 2267 2298 canonica
2302 2234 2730 2299 auctoritate⁰

478 2318 826 2403 proibetur.
892 2317 1082 2384 Multi
1110 2319 1280 2384 enim
1310 2325 1460 2384 sunt
1484 2340 1822 2404 paupereS,
1859 2321 1970 2405 qui
1996 2319 2167 2384 hunc
2201 2321 2268 2384 in
2304 2340 2427 2383 usu
2463 2323 2732 2383 comme-

481 2406 707 2470 stionis
751 2403 1008 2484 habent,
1065 2411 1132 2470 et
1174 2426 1242 2469 se
1286 2407 1354 2469 in
1399 2405 1518 2470 hoc
1565 2405 1809 2489 aliquid
1854 2426 2121 2489 peccare
2163 2405 2551 2488 ignorantes,
2608 2403 2733 2468 sibi

479 2493 546 2558 in
603 2489 725 2556 hoc
783 2491 1369 2558 contradicentibus
1427 2493 1673 2558 cunctis
1729 2493 2057 2558 resistunt.
2158 2491 2333 2575 Ergo
2390 2495 2463 2555 tu
2521 2490 2729 2571 homo,

479 2578 684 2661 gloria
728 2582 794 2642 et
837 2599 1070 2663 magno
1117 2577 1355 2644 honore
1400 2600 1440 2644 a
1475 2580 1609 2645 Deo
1645 2584 1951 2645 coronate
1987 2585 2051 2644 et
2086 2600 2278 2663 super
2314 2576 2528 2657 omnia
2563 2576 2731 2641 eius-

478 2665 622 2730 dem
669 2684 866 2749 opera
911 2666 1276 2744 constitute,
1330 2664 1415 2730 da
1457 2686 1574 2748 pre
1619 2664 1915 2731 omnibus
1958 2665 2203 2749 gratias
2247 2663 2578 2740 altissimo,
2631 2682 2728 2726 re-

479 2750 770 2816 tribuens
815 2751 874 2815 ei
917 2772 1037 2835 pro
1081 2752 1514 2834 possibilitate
1567 2757 1699 2828 tua,
1755 2773 1921 2835 quae
1967 2749 2087 2817 tibi
2130 2750 2285 2815 fecit
2318 2748 2731 2814 miseratione

481 2858 614 2902 sua.
707 2838 795 2903 Et
838 2858 954 2921 ego
997 2843 1282 2921 repetam
1328 2838 1583 2919 longius
1628 2838 1953 2902 aberrata.
2122 2844 2125 2847 ’

659 2928 758 2991 15.
824 2924 943 3008 (8.)
1023 2924 1158 2989 Rex
1204 2929 1418 2989 autem
1464 2923 1818 2989 Avares‘·*
1865 2942 2279 3005 sepenumero
2328 2920 2731 3004 insurgentes

479 3010 739 3093 expulit.
833 3010 916 3075 Et
961 3031 1107 3074 cum
1152 3010 1218 3073 in
1265 3030 1390 3073 uno
1434 3009 1683 3075 dierum
1730 3010 1849 3075 hos
1891 3009 2104 3091 inpari
2141 3027 2485 3090 congressu
2519 3006 2732 3072 ledere

479 3101 848 3180 temptaret,
910 3096 1118 3161 victus
1180 3096 1245 3159 in
1311 3094 1561 3174 urbem,
1624 3118 1789 3180 quae
1847 3094 2077 3161 Bichni
2139 3094 2471 3173 vocatur5,
2536 3093 2729 3177 fugit;

477 3182 695 3267 ibique
732 3182 954 3247 mortis
991 3181 1348 3264 periculum
1383 3182 1677 3262 evadenS,
1715 3181 1993 3247 urbanos
2021 3181 2250 3245 maiori
2276 3180 2496 3263 gloria,
2535 3199 2729 3265 quam

477 3269 789 3333 hactenus
833 3267 1142 3333 haberent
1185 3268 1282 3333 vel
1327 3269 1893 3350 comprovinciales
1946 3267 2135 3333 hodie
2187 3274 2473 3347 teneant,
2529 3271 2593 3331 et
2646 3264 2729 3330 ad

477 3356 636 3420 haec
681 3354 1055 3419 muneribus
1098 3353 1310 3437 dignis
1353 3354 1649 3420 honorat.

649 3440 1197 3523 Quociescumque
1255 3446 1480 3506 contra
1534 3441 1740 3505 Deum
1797 3446 1861 3507 et
1918 3440 2233 3505 seniorem
2291 3439 2524 3504 suimet
2577 3436 2727 3501 dum

479 3528 639 3593 vixit
666 3548 734 3591 se
761 3548 1063 3611 umquam
1095 3526 1523 3611 superbiendo
1555 3528 1776 3608 erexit,
1811 3527 2009 3592 tocies
2039 3526 2380 3591 humiliata
2411 3528 2728 3610 potestate

596 3666 654 3731 ²¹²)
691 3666 726 3719 i.
763 3666 1008 3735 Ungaros
1045 3666 1174 3720 add.
1207 3667 1271 3721 V.

476 3776 521 3825 a)
551 3776 748 3818 edissero
769 3777 820 3825 A,
846 3789 954 3818 corr.
978 3780 1025 3817 T.
1129 3776 1178 3825 b)
1201 3789 1249 3818 re
1275 3777 1377 3818 add.
1402 3780 1450 3818 T.
1557 3778 1597 3827 c)
1624 3777 1839 3828 pecudum
1866 3790 1973 3819 corr.
2002 3789 2150 3818 manus
2177 3775 2391 3816 recentior.
2496 3771 2539 3819 d)
2564 3769 2665 3821 date
2685 3770 2724 3809 1.

475 3827 519 3880 e)
547 3830 770 3870 actoritate
788 3832 828 3869 1.
933 3829 972 3879 f)
999 3840 1024 3870 e
1043 3842 1128 3881 pro
1159 3832 1298 3870 littera
1321 3834 1530 3881 expuncta
1558 3834 1593 3869 et
1618 3834 1760 3880 postea
1785 3841 1905 3871 erasa
1925 3832 2071 3879 posuit
2100 3831 2148 3869 T.

478 3924 530 3990 1)
568 3926 721 3981 Filia
749 3925 866 3992 fuit
901 3925 1269 3990 Swanhildae,
1306 3928 1463 3981 cuius
1487 3926 1672 3994 frater
1705 3926 2066 3981 Bernhardus
2100 3926 2137 3977 I
2138 3964 2150 3977 .
2187 3922 2303 4001 ᾱαῳ
2330 3917 2727 3997 Ηίῑᾱςρανσζαιη

479 3996 778 4049 Thietmari
812 4001 1169 4061 materteram,
1206 3996 1459 4050 Heinrici
1485 3998 1689 4051 comitis
1716 3996 1999 4051 Stadensis
2016 3994 2213 4061 filiam,
2241 4006 2300 4042 m
2326 3992 2727 4065 mato-amomum

479 4066 742 4128 dumi-at,-
779 4067 850 4130 of.
879 4064 1102 4129 Hirsch‚
1133 4064 1420 4119 ‘Heinrich
1447 4066 1554 4119 II!
1592 4067 1677 4129 ΙΙ,
1705 4067 1824 4128 304,
1850 4082 1909 4118 n.
1933 4065 1982 4119 5.
2112 4059 2165 4124 2)
2204 4058 2489 4124 Nupserat
2529 4054 2725 4109 Wtrm-

477 4134 637 4189 hav-io
663 4134 862 4200 comiti,
889 4134 987 4201 qui
1002 4134 1275 4201 patruelis
1303 4134 1749 4198 Thietmarifuit.
1819 4133 1874 4198 3)
1911 4134 2120 4187 Parum
2148 4131 2403 4181 accurate
2426 4122 2729 4201 redduntur

481 4204 713 4257 Horatii
759 4204 923 4257 verba
939 4221 956 4255 :
1012 4204 1160 4266 cotis,
1217 4206 1431 4258 acutum
1481 4202 1721 4257 Reddere
1771 4218 1907 4272 quae
1954 4200 2151 4253 ferrum
2198 4193 2344 4247 valet
2392 4208 2562 4271 exsors
2611 4207 2729 4269 lpsa

479 4271 708 4326 secandi.
831 4273 886 4335 4)
923 4273 1018 4326 Ex
1045 4272 1300 4341 Gregorii
1322 4276 1372 4328 I.
1402 4290 1592 4341 papae
1618 4274 1769 4327 Dial-
1796 4271 1907 4335 IV,
1942 4286 1986 4323 c.
2014 4268 2047 4321 3
2080 4265 2187 4327 (ed.
2217 4262 2513 4339 Benedwp„
2541 4261 2726 4339 Pares.

482 4342 631 4401 1705.
669 4346 791 4395 tom.
818 4342 927 4403 II).
1065 4341 1120 4405 5)
1158 4342 1383 4397 Parthen
1417 4344 1530 4397 sive
1568 4342 1803 4396 Pel-chau
1838 4340 1999 4393 iuxta
2038 4333 2289 4389 Muldam
2324 4330 2553 4397 tlumum
2588 4335 2729 4385 mter

479 4411 687 4481 oppida
737 4410 972 4466 Wurzen
1008 4417 1058 4465 et
1093 4413 1397 4481 Eilenburq
1412 4432 1432 4481 ;
1469 4412 1540 4480 cf.
1595 4411 1775 4467 Waitz
1803 4424 1863 4476 p.
1893 4408 1975 4462 77.

2760 965 2781 990 *
2801 981 2849 1017 p.
2872 969 2964 1008 739.

2762 2251 2783 2276 *
2801 2255 2883 2304 soz.
2904 2253 2956 2292 τ’.
