3100 5050
863 409 1270 463 THIETMARI
1307 408 1569 464 CHRON.
1641 412 1779 464 LIB.
1822 411 1924 465 vll
1961 412 2099 477 (VI).
2514 415 2615 468 189

348 571 414 626 et
457 562 734 625 Rusciae
777 584 923 626 cum
969 562 1362 645 predicaret,
1420 564 1630 645 primo
1676 562 1761 627 ab
1806 564 2033 628 incolis
2077 564 2500 646 prohibetur*
2552 570 2617 628 et
2653 574 2850 641 (1009).

345 648 492 732 plus
553 648 1045 729 euvangelizans
1116 648 1374 728 capitur
1443 647 1802 731 deindeque
1874 668 2097 713 amore
2160 649 2433 726 Christi,
2504 651 2618 732 qui

347 733 662 797 aeclesiae
690 739 886 814 caput
913 741 1031 811 est,
1073 733 1240 797 XVI.
1261 732 1404 797 Kal.
1424 733 1645 797 Martii
1664 734 1685 777 1
1715 735 1891 797 mitis
1922 741 1992 798 ut
2019 755 2222 816 agnus
2250 734 2617 799 decollatur
2642 729 2778 831 {2223
2791 730 2851 830 13²)

350 839 496 883 cum
549 817 778 882 sociisb
835 820 1068 881 suimet
1120 818 1364 884 XVIII.
1405 817 1695 901 Corpora
1747 828 1843 883 tot
1895 822 2238 883 martirum
2291 820 2617 902 insepulta
2779 811 2789 822 ⁶
2854 809 2865 819 ’

349 905 713 983 iacuerunt,
771 903 985 985 quoad
1028 903 1388 967 Bolizlavus
1441 902 1510 967 id
1566 906 1962 986 comperiens
2015 904 2241 969 eadem
2293 913 2618 970 mercatur

347 1010 424 1053 ac
487 988 705 1053 domui
766 1010 922 1053 suae
984 988 1274 1053 futurum
1345 990 1689 1072 acquisivit
1759 991 2081 1054 solatium.
2197 990 2397 1053 Facta
2468 997 2619 1054 sunt

349 1082 562 1139 autem
601 1075 762 1139 haec
795 1075 862 1137 in
899 1081 1186 1155 tempore
1223 1076 1615 1139 serenissimi
1651 1077 1820 1157 regis
1860 1076 2165 1151 Heinrici,
2212 1096 2403 1158 quem
2443 1075 2617 1139 Deus

351 1161 752 1242 omnipotens
780 1158 1110 1241 triumpho
1138 1160 1310 1223 tanti
1335 1160 1612 1243 presulis
1642 1160 2083 1225 honorificavit
2119 1167 2201 1239 et,
2236 1166 2310 1225 ut
2346 1161 2616 1224 multum

349 1266 566 1327 spere,
631 1245 917 1311 salvavit.
1024 1246 1219 1309 Pater
1270 1252 1485 1309 autem
1541 1245 1817 1328 predicti
1870 1246 2185 1310 antistitis
2237 1247 2422 1327 longe
2474 1254 2621 1327 post

350 1330 713 1395 infirmatus
735 1329 874 1416 [et]‚
905 1336 978 1393 ut
994 1330 1131 1414 ipse
1149 1330 1309 1394 mihi
1327 1333 1634 1407 narravit,
1665 1338 1967 1414 precepto
1985 1329 2152 1417 [filii]
2176 1332 2618 1395 monachicum

353 1417 638 1497 suscepit
681 1415 976 1497 habitum
1038 1422 1103 1479 et
1147 1414 1359 1479 XIIII.
1411 1416 1558 1481 Kal.
1607 1416 1944 1482 Novembr.
1992 1420 2057 1479 in
2101 1437 2263 1499 pace
2312 1415 2617 1499 quievit2.
2648 1438 2831 1480 ocem.

521 1503 623 1567 36.
685 1501 847 1585 (59.)
938 1500 1072 1565 Nec
1123 1500 1307 1565 flocci
1360 1501 1735 1583 pendenda⁰
1788 1509 1888 1567 est
1939 1502 2208 1566 Geronis
2266 1502 2619 1567 satellitum

71 1604 94 1625 ¹·
116 1603 323 1653 sol-13⁹·
353 1587 746 1652 marchionis
792 1586 1061 1669 *magna
1102 1587 1480 1669 presumtio,
1529 1608 1727 1669 quam
1772 1593 2031 1670 stupeat
2066 1586 2277 1651 fidelis
2312 1595 2379 1652 et
2410 1586 2621 1671 fugiat

351 1693 570 1737 amore
614 1672 898 1755 pietatis=
997 1670 1214 1737 Causa
1255 1672 1625 1755 proferatur
1681 1674 1749 1736 in
1810 1672 2093 1736 medium
2156 1683 2219 1737 et
2273 1681 2427 1737 tunc
2476 1693 2621 1755 per-

349 1758 668 1844 pendatur
703 1757 966 1836 faetum,
1004 1758 1060 1821 si
1097 1760 1184 1822 sit
1208 1757 1538 1821 laud-abile
1567 1779 1649 1821 an
1677 1756 1865 1822 bonis
1890 1757 2189 1823 omnibus
2218 1757 2619 1825 detestabile.

352 1844 662 1908 Arnulfus
708 1844 982 1908 antistes
1041 1842 1125 1905 ad
1179 1843 1416 1907 saltum
1461 1841 1778 1907 Geronis3
1840 1864 1880 1905 a
1928 1843 2281 1908 venerabili
2333 1843 2621 1907 eiusdem
2641 1865 2929 1913 Annonem.

351 1932 477 1995 loci
512 1930 844 1994 abbatissa
880 1928 1180 1992 Hathawi
1217 1926 1301 1991 ad
1335 1928 1755 1992 festivitatem
1792 1927 2032 1993 Christi
2070 1930 2356 1995 martiris
2384 1929 2624 1993 Ciriaci
2660 1943 2857 2009 (1013).

353 2015 438 2079 ad
481 2016 836 2079 convivium
882 2014 1194 2078 invitatus
1237 2013 1477 2091 venit43
1539 2019 1605 2077 et
1648 2014 1715 2077 in
1761 2012 1869 2097 die
1913 2020 2163 2092 sancto,
2228 2013 2425 2101 [cum]
2474 2020 2624 2098 post
2648 2037 2863 2077 nmis.

351 2103 612 2165 missam
659 2100 740 2164 de
787 2100 1100 2163 aecclesia
1145 2098 1526 2177 ambularet,
1578 2098 1740 2162 vidit
1785 2099 2089 2163 clericum
2134 2100 2508 2183 accipitrem
2553 2100 2623 2163 in

353 2208 548 2251 manu
607 2207 728 2249 sua
781 2190 1135 2263 tenentem;
1195 2190 1262 2248 et
1317 2184 1451 2248 zelo
1511 2190 1869 2249 commotus
1923 2184 2095 2249 hunc
2153 2206 2297 2248 cum
2355 2185 2620 2249 brachio

355 2273 587 2336 suimet
629 2270 1116 2354 comprehendit
1157 2290 1234 2335 ac
1281 2290 1494 2334 secum
1543 2270 1748 2349 duxit,
1802 2290 1931 2333 non
1983 2275 2059 2334 ut
2097 2272 2453 2353 puniretur,
2508 2270 2621 2334 sed

352 2359 446 2423 sic
511 2356 722 2421 verbis
783 2356 1215 2421 mediocribus
1277 2356 1730 2438 corriperetur.
1844 2356 2043 2419 Fama
2103 2356 2323 2419 volans
2384 2355 2623 2419 milites
2650 2343 2915 2445 νὲἷῗῖζΐ·

352 2443 675 2530 predictos
721 2448 1092 2524 congregat,
1146 2462 1416 2523 quorum
1463 2441 1711 2524 primus
1756 2440 2009 2523 Hugald
2061 2442 2319 2505 nomine
2360 2440 2445 2504 ad
2492 2442 2623 2524 epi-

355 2551 615 2614 scopum
653 2530 928 2606 veniens,
976 2550 1091 2593 cur
1135 2527 1451 2592 seniorem
1499 2549 1687 2591 suum
1734 2527 1828 2591 sic
1872 2527 2260 2592 inhonorare
2297 2527 2622 2605 voluisset,

353 2619 726 2697 interrogat.
765 2616 852 2679 Et
868 2616 1165 2679 antistes:
1189 2613 1377 2690 ‘Quid
1397 2613 1522 2677 feci
1535 2613 1587 2676 P’
1608 2612 1854 2694 inquid.
1891 2612 2061 2676 ‘Vidi
2079 2612 2623 2677 abominationem

355 2701 595 2765 Christi
631 2707 716 2776 et,
755 2701 909 2783 quia
943 2703 1010 2764 in
1047 2720 1190 2763 meo
1228 2698 1470 2763 factam
1503 2700 1877 2781 episcopatu
1906 2698 2266 2778 cernebam,
2306 2699 2623 2762 sustinere

355 2807 482 2849 non
527 2786 729 2866 pot-ui.
819 2784 927 2849 Nil
971 2785 1124 2848 mali
1170 2784 1414 2848 factum
1459 2791 1575 2850 est.
1663 2784 1985 2847 Ponamus
2024 2784 2190 2848 diem
2229 2785 2409 2848 vobis
2447 2803 2624 2846 com—

355 2871 688 2953 placitam3
753 2878 819 2933 et
868 2870 981 2935 ubi
1036 2869 1378 2949 culpabilis
1431 2891 1474 2934 a
1527 2869 1977 2934 communibus
2028 2871 2316 2933 invenior
2376 2870 2623 2948 amiciS,

358 2954 552 3038 digna
595 2954 1040 3019 emendatione
1084 2955 1397 3021 restitu0.’
1484 2954 1573 3018 Et
1622 2954 1734 3019 ille
1783 2956 2223 3036 prosequitur:
2287 2953 2441 3018 ‘Nec
2490 2953 2623 3030 sic,’

359 3041 683 3122 inquienS,
740 3044 900 3102 ‘esse
945 3039 1139 3103 debet
1197 3060 1317 3103 nec
1359 3041 1455 3104 ita
1510 3038 1652 3104 fieri
1704 3041 1890 3105 valet.
1990 3039 2197 3104 Hodie
2240 3047 2358 3103 aut
2410 3060 2623 3103 sacra-

359 3131 576 3189 mento
611 3144 722 3188 vos
758 3132 1062 3190 excusate
1097 3131 1210 3187 aut
1248 3126 1491 3189 senio-ri
1538 3145 1681 3188 meo
1726 3134 1791 3190 et
1827 3125 2010 3190 nobis
2043 3125 2123 3190 ad
2156 3124 2625 3190 emendandum

357 3209 756 3293 promittite.’
853 3210 947 3272 Ad
986 3208 1144 3273 haec
1180 3210 1424 3291 presul:
1473 3209 1731 3275 ‘Sancta
1766 3213 1909 3288 me,’
1954 3210 2115 3289 infit,
2165 3210 2625 3292 ‘sollempnitas

355 3295 652 3380 prohibet
687 3297 904 3359 iurare
949 3302 1014 3360 et
1047 3315 1160 3358 vos
1196 3294 1360 3359 illud
1395 3297 1742 3377 suscipere.
1828 3296 1914 3359 Et
1950 3297 2223 3361 multum
2259 3295 2625 3360 miserabile

355 3382 515 3446 mihi
557 3381 838 3458 videtur,
892 3380 1066 3463 quod
1120 3380 1381 3444 iusticia
1433 3401 1475 3443 a
1525 3380 1706 3444 vobis
1760 3381 1919 3445 mihi
1971 3382 2175 3446 solum
2230 3381 2623 3463 denegatur.’

81 3491 104 3515 ¹·
121 3493 204 3541 soz.
225 3488 328 3530 189⁴.
529 3469 633 3532 37.
716 3463 869 3530 Post
909 3467 1068 3531 haec
1114 3465 1257 3530 *ille
1311 3465 1518 3530 iratus
1574 3465 1925 3547 egreditur,
1983 3471 2047 3530 et
2100 3468 2283 3530 miles
2338 3471 2625 3530 armatus

355 3553 726 3636 ignorantia
771 3553 1062 3617 comitis0
1105 3552 1526 3634 glomeratum
1583 3557 1650 3614 et
1691 3572 1836 3614 cum
1881 3552 2015 3614 iam
2058 3551 2249 3616 vellet
2292 3553 2626 3635 episcopus

358 3660 608 3717 cenare,
659 3638 830 3703 videt
873 3659 1094 3702 omnes
1137 3638 1541 3721 appropiare.
1636 3637 1894 3712 Domus,
1941 3637 2009 3700 in
2052 3658 2181 3719 qua
2225 3637 2367 3716 fuit,
2414 3659 2455 3700 a
2490 3637 2625 3700 suis

357 3724 630 3790 firmiter
684 3723 1026 3788 obseratur
1077 3731 1170 3799 et,
1225 3745 1304 3787 ne
1359 3720 1659 3786 hostibus
1711 3722 1924 3786 facilis
1975 3730 2229 3805 pateret
2280 3725 2624 3806 ingressuS,

357 3861 401 3907 a)
436 3861 685 3910 prohibitur
711 3864 752 3902 1.
882 3859 930 3910 b)
967 3861 1061 3900 suis
1089 3860 1149 3908 D3
1188 3861 1282 3900 suis
1310 3860 1442 3900 sociis
1469 3861 1509 3899 2.
1644 3857 1689 3908 e)
1728 3859 2102 3907 floccipendoeudn.
2129 3861 2168 3898 1.
2302 3860 2351 3909 d)
2386 3860 2402 3898 l
2437 3859 2541 3898 add.
2576 3860 2623 3898 T.

361 3912 403 3958 e)
426 3914 655 3962 ignorante
682 3912 935 3952 marchione
961 3912 1015 3952 A.
1037 3913 1083 3951 S.

363 4017 415 4076 1)
461 4016 607 4070 Ami.
647 4016 834 4080 Quedl.
875 4021 926 4068 et
962 4013 1131 4068 Gesta
1165 4014 1329 4080 episc.
1371 4012 1537 4067 Halb.
1578 4013 1827 4067 exhibent
1867 4013 2002 4068 VII.
2041 4013 2131 4066 Id.
2168 4013 2365 4075 Mart„
2417 4021 2468 4067 et
2502 4029 2626 4066 eum

360 4090 542 4138 noster
568 4086 690 4147 ΙΙΙ,
726 4085 759 4137 6
793 4085 853 4137 in
887 4085 986 4137 hoe
1023 4083 1110 4135 die
1145 4088 1367 4136 mortem
1393 4082 1679 4135 Brunonis
1707 4083 1951 4148 episcopi
1988 4082 2281 4135 Verdensis
2310 4082 2625 4146 (962—975)

359 4155 615 4217 posuerit,
657 4153 942 4221 utu-imque
978 4152 1222 4218 episcopi
1262 4150 1400 4204 diem
1445 4152 1790 4204 emortualem
1838 4167 1902 4203 ex
1948 4150 2229 4217 deperdita
2271 4151 2368 4204 illa
2411 4150 2627 4204 Necrol.

362 4221 596 4274 Merseb.
625 4228 790 4288 parte
825 4222 894 4275 ab
931 4236 991 4273 eo
1025 4225 1302 4286 sumptum
1335 4233 1452 4272 esse
1485 4219 1731 4286 equidem
1766 4219 2027 4284 existimo,
2061 4218 2140 4272 ita
2178 4223 2240 4272 ut
2264 4234 2369 4285 per
2395 4234 2623 4272 errorem

363 4287 440 4341 St.
475 4289 735 4342 Brunoni
777 4290 828 4342 d.
865 4289 1030 4344 Febr.
1062 4289 1150 4354 14,
1214 4286 1477 4341 Verdensi
1509 4287 1563 4341 d.
1601 4288 1773 4341 Mart.
1799 4287 1833 4339 9
1880 4288 2155 4341 tribueret.
2308 4286 2360 4349 2)
2411 4287 2627 4340 Necrol.

363 4355 597 4410 Merseb.
636 4358 750 4412 Oct.
779 4359 873 4411 19:
923 4358 1072 4410 Brun
1109 4371 1386 4410 conversus
1422 4355 1576 4409 obiit.
1725 4354 1780 4418 3)
1832 4353 2127 4410 Germ-rode.
2277 4355 2333 4419 4)
2386 4356 2453 4406 A.
2491 4356 2627 4409 1013

361 4423 462 4476 hoc
480 4425 701 4487 sactum
741 4441 855 4479 esse
892 4429 1036 4480 Arm.
1077 4425 1266 4489 Quedl.
1302 4425 1545 4479 tradunt.
