<?xml version="1.0" encoding="UTF-8"?>
<!DOCTYPE html PUBLIC "-//W3C//DTD XHTML 1.0 Transitional//EN"
    "http://www.w3.org/TR/xhtml1/DTD/xhtml1-transitional.dtd">
<html xmlns="http://www.w3.org/1999/xhtml" xml:lang="en" lang="en">
 <head>
  <title>
</title>
<meta http-equiv="Content-Type" content="text/html;charset=utf-8" />
  <meta name='ocr-system' content='tesseract 3.04.00' />
  <meta name='ocr-capabilities' content='ocr_page ocr_carea ocr_par ocr_line ocrx_word'/>
</head>
<body>
  <div class='ocr_page' id='page_1' title='image "./thietmarimerseb00lappgoog_0038.png"; bbox 0 0 3100 5050; ppageno 0'>
   <div class='ocr_carea' id='block_1_1' title="bbox 147 1421 430 1521">
    <p class='ocr_par' dir='ltr' id='par_1_1' title="bbox 147 1421 430 1521">
     <span class='ocr_line' id='line_1_1' title="bbox 147 1421 430 1471; baseline 0.011 -12"><span class='ocrx_word' id='word_1_1' title='bbox 147 1421 256 1460; x_wconf 82' lang='lat' dir='ltr'><strong>Hor.</strong></span> <span class='ocrx_word' id='word_1_2' title='bbox 285 1421 366 1461; x_wconf 86' lang='lat' dir='ltr'><strong>Od.</strong></span> <span class='ocrx_word' id='word_1_3' title='bbox 394 1423 430 1471; x_wconf 87' lang='lat'><strong>1,</strong></span> 
     </span>
     <span class='ocr_line' id='line_1_2' title="bbox 219 1473 375 1521; baseline 0.006 -10"><span class='ocrx_word' id='word_1_4' title='bbox 219 1473 284 1521; x_wconf 78' lang='lat'><strong>35,</strong></span> <span class='ocrx_word' id='word_1_5' title='bbox 310 1475 375 1513; x_wconf 75' lang='lat'><strong>31.</strong></span> 
     </span>
    </p>
   </div>
   <div class='ocr_carea' id='block_1_2' title="bbox 145 1609 426 1658">
    <p class='ocr_par' dir='ltr' id='par_1_2' title="bbox 145 1609 426 1658">
     <span class='ocr_line' id='line_1_3' title="bbox 145 1609 426 1658; baseline 0.007 -10"><span class='ocrx_word' id='word_1_6' title='bbox 145 1609 261 1650; x_wconf 79' lang='lat' dir='ltr'><strong>Anu.</strong></span> <span class='ocrx_word' id='word_1_7' title='bbox 275 1610 426 1658; x_wconf 77' lang='lat' dir='ltr'><strong>Quedl.</strong></span> 
     </span>
    </p>
   </div>
   <div class='ocr_carea' id='block_1_3' title="bbox 145 2145 426 2271">
    <p class='ocr_par' dir='ltr' id='par_1_3' title="bbox 145 2145 426 2271">
     <span class='ocr_line' id='line_1_4' title="bbox 145 2145 426 2196; baseline 0 -10"><span class='ocrx_word' id='word_1_8' title='bbox 145 2145 262 2186; x_wconf 74' lang='lat' dir='ltr'><strong>wid.</strong></span> <span class='ocrx_word' id='word_1_9' title='bbox 292 2147 350 2196; x_wconf 89' lang='lat'><strong>11,</strong></span> <span class='ocrx_word' id='word_1_10' title='bbox 387 2149 426 2186; x_wconf 88' lang='lat'><strong>1.</strong></span> 
     </span>
     <span class='ocr_line' id='line_1_5' title="bbox 229 2217 346 2271; baseline -0.017 0"><span class='ocrx_word' id='word_1_11' title='bbox 229 2217 346 2271; x_wconf 83' lang='lat'><strong>936.</strong></span> 
     </span>
    </p>
   </div>
   <div class='ocr_carea' id='block_1_4' title="bbox 142 3438 419 3583">
    <p class='ocr_par' dir='ltr' id='par_1_4' title="bbox 142 3438 419 3583">
     <span class='ocr_line' id='line_1_6' title="bbox 142 3438 419 3489; baseline -0.011 -9"><span class='ocrx_word' id='word_1_12' title='bbox 142 3439 259 3480; x_wconf 72' lang='lat' dir='ltr'><strong>wid.</strong></span> <span class='ocrx_word' id='word_1_13' title='bbox 285 3438 322 3489; x_wconf 91' lang='lat'><strong>1,</strong></span> <span class='ocrx_word' id='word_1_14' title='bbox 353 3439 419 3478; x_wconf 76' lang='lat'><strong>87.</strong></span> 
     </span>
     <span class='ocr_line' id='line_1_7' title="bbox 205 3517 363 3583; baseline 0 -12"><span class='ocrx_word' id='word_1_15' title='bbox 205 3517 363 3583; x_wconf 83' lang='lat'><strong>(929).</strong></span> 
     </span>
    </p>
   </div>
   <div class='ocr_carea' id='block_1_5' title="bbox 465 403 2092 464">
    <p class='ocr_par' dir='ltr' id='par_1_5' title="bbox 465 403 2092 464">
     <span class='ocr_line' id='line_1_8' title="bbox 465 403 2092 464; baseline 0.002 -4"><span class='ocrx_word' id='word_1_16' title='bbox 465 407 530 461; x_wconf 89' lang='grc'><strong>18</strong></span> <span class='ocrx_word' id='word_1_17' title='bbox 1071 403 1478 460; x_wconf 80' lang='grc' dir='ltr'><strong>ΤΗΙΕΤΜΑΒΙ</strong></span> <span class='ocrx_word' id='word_1_18' title='bbox 1512 403 1775 462; x_wconf 84' lang='lat' dir='ltr'><strong>CHRON.</strong></span> <span class='ocrx_word' id='word_1_19' title='bbox 1846 407 1985 462; x_wconf 88' lang='lat' dir='ltr'><strong>LIB.</strong></span> <span class='ocrx_word' id='word_1_20' title='bbox 2019 408 2092 464; x_wconf 92' lang='grc' dir='ltr'><strong>ΙΙ.</strong></span> 
     </span>
    </p>
   </div>
   <div class='ocr_carea' id='block_1_6' title="bbox 451 558 2343 1934">
    <p class='ocr_par' dir='ltr' id='par_1_6' title="bbox 661 558 2332 902">
     <span class='ocr_line' id='line_1_9' title="bbox 664 558 2287 645; baseline 0.005 -23"><span class='ocrx_word' id='word_1_21' title='bbox 664 559 927 623; x_wconf 91' lang='lat' dir='ltr'><strong>Famine</strong></span> <span class='ocrx_word' id='word_1_22' title='bbox 971 558 1204 638; x_wconf 86' lang='lat' dir='ltr'><strong>divino,</strong></span> <span class='ocrx_word' id='word_1_23' title='bbox 1250 560 1421 642; x_wconf 89' lang='lat' dir='ltr'><strong>quod</strong></span> <span class='ocrx_word' id='word_1_24' title='bbox 1467 581 1719 643; x_wconf 90' lang='lat' dir='ltr'><strong>semper</strong></span> <span class='ocrx_word' id='word_1_25' title='bbox 1761 561 1967 645; x_wconf 91' lang='lat' dir='ltr'><strong>poscit</strong></span> <span class='ocrx_word' id='word_1_26' title='bbox 2009 560 2093 626; x_wconf 88' lang='lat' dir='ltr'><strong>ab</strong></span> <span class='ocrx_word' id='word_1_27' title='bbox 2137 563 2287 630; x_wconf 80' lang='lat' dir='ltr'><strong>alto.</strong></span> 
     </span>
     <span class='ocr_line' id='line_1_10' title="bbox 663 643 2332 732; baseline 0.003 -24"><span class='ocrx_word' id='word_1_28' title='bbox 663 643 804 709; x_wconf 91' lang='lat' dir='ltr'><strong>Non</strong></span> <span class='ocrx_word' id='word_1_29' title='bbox 849 644 1065 710; x_wconf 86' lang='lat' dir='ltr'><strong>fuerat</strong></span> <span class='ocrx_word' id='word_1_30' title='bbox 1109 651 1326 711; x_wconf 90' lang='lat' dir='ltr'><strong>tantus</strong></span> <span class='ocrx_word' id='word_1_31' title='bbox 1373 646 1589 712; x_wconf 88' lang='lat' dir='ltr'><strong>Caroli</strong></span> <span class='ocrx_word' id='word_1_32' title='bbox 1634 646 1713 712; x_wconf 88' lang='lat' dir='ltr'><strong>de</strong></span> <span class='ocrx_word' id='word_1_33' title='bbox 1757 653 1961 712; x_wconf 89' lang='lat' dir='ltr'><strong>morte</strong></span> <span class='ocrx_word' id='word_1_34' title='bbox 2003 655 2332 732; x_wconf 89' lang='lat' dir='ltr'><strong>patronus,</strong></span> 
     </span>
     <span class='ocr_line' id='line_1_11' title="bbox 663 729 2102 817; baseline 0.003 -23"><span class='ocrx_word' id='word_1_35' title='bbox 663 729 794 795; x_wconf 90' lang='lat' dir='ltr'><strong>Nec</strong></span> <span class='ocrx_word' id='word_1_36' title='bbox 840 737 992 814; x_wconf 90' lang='lat' dir='ltr'><strong>puto</strong></span> <span class='ocrx_word' id='word_1_37' title='bbox 1039 731 1230 796; x_wconf 83' lang='lat' dir='ltr'><strong>simili</strong></span> <span class='ocrx_word' id='word_1_38' title='bbox 1276 752 1542 815; x_wconf 84' lang='lat' dir='ltr'><strong>regnum</strong></span> <span class='ocrx_word' id='word_1_39' title='bbox 1587 739 1845 817; x_wconf 76' lang='lat' dir='ltr'><strong>pastore</strong></span> <span class='ocrx_word' id='word_1_40' title='bbox 1889 735 2102 816; x_wconf 91' lang='lat' dir='ltr'><strong>potiri.</strong></span> 
     </span>
     <span class='ocr_line' id='line_1_12' title="bbox 661 817 2058 902; baseline 0.002 -21"><span class='ocrx_word' id='word_1_41' title='bbox 661 817 1088 899; x_wconf 78' lang='lat' dir='ltr'><strong>Episcopatus</strong></span> <span class='ocrx_word' id='word_1_42' title='bbox 1129 819 1491 883; x_wconf 79' lang='lat' dir='ltr'><strong>construxit</strong></span> <span class='ocrx_word' id='word_1_43' title='bbox 1532 817 1807 902; x_wconf 89' lang='lat' dir='ltr'><strong>denique</strong></span> <span class='ocrx_word' id='word_1_44' title='bbox 1851 839 2058 884; x_wconf 90' lang='lat' dir='ltr'><strong>senos.</strong></span> 
     </span>
    </p>

    <p class='ocr_par' dir='ltr' id='par_1_7' title="bbox 459 902 2289 1332">
     <span class='ocr_line' id='line_1_13' title="bbox 459 902 2289 989; baseline 0.002 -22"><span class='ocrx_word' id='word_1_45' title='bbox 459 915 526 968; x_wconf 91' lang='lat'><strong>10</strong></span> <span class='ocrx_word' id='word_1_46' title='bbox 663 902 786 966; x_wconf 91' lang='lat' dir='ltr'><strong>Hic</strong></span> <span class='ocrx_word' id='word_1_47' title='bbox 831 903 1247 986; x_wconf 84' lang='lat' dir='ltr'><strong>Beringerum</strong></span> <span class='ocrx_word' id='word_1_48' title='bbox 1292 924 1605 986; x_wconf 90' lang='lat' dir='ltr'><strong>superans</strong></span> <span class='ocrx_word' id='word_1_49' title='bbox 1647 906 1883 969; x_wconf 88' lang='lat' dir='ltr'><strong>virtute</strong></span> <span class='ocrx_word' id='word_1_50' title='bbox 1929 903 2289 989; x_wconf 89' lang='lat' dir='ltr'><strong>superbum,</strong></span> 
     </span>
     <span class='ocr_line' id='line_1_14' title="bbox 664 987 2268 1072; baseline 0.004 -21"><span class='ocrx_word' id='word_1_51' title='bbox 664 988 1230 1072; x_wconf 86' lang='lat' dir='ltr'><strong>Longobardorum</strong></span> <span class='ocrx_word' id='word_1_52' title='bbox 1277 987 1402 1054; x_wconf 92' lang='lat' dir='ltr'><strong>sibi</strong></span> <span class='ocrx_word' id='word_1_53' title='bbox 1447 988 1667 1055; x_wconf 88' lang='lat' dir='ltr'><strong>subdit</strong></span> <span class='ocrx_word' id='word_1_54' title='bbox 1710 990 1879 1055; x_wconf 89' lang='lat' dir='ltr'><strong>colla</strong></span> <span class='ocrx_word' id='word_1_55' title='bbox 1924 991 2268 1058; x_wconf 87' lang='lat' dir='ltr'><strong>furentum.</strong></span> 
     </span>
     <span class='ocr_line' id='line_1_15' title="bbox 662 1073 2111 1162; baseline 0.003 -25"><span class='ocrx_word' id='word_1_56' title='bbox 662 1073 1123 1157; x_wconf 77' lang='lat' dir='ltr'><strong>Imperatorem</strong></span> <span class='ocrx_word' id='word_1_57' title='bbox 1169 1075 1324 1140; x_wconf 87' lang='lat' dir='ltr'><strong>fecit</strong></span> <span class='ocrx_word' id='word_1_58' title='bbox 1367 1075 1493 1140; x_wconf 91' lang='lat' dir='ltr'><strong>sibi</strong></span> <span class='ocrx_word' id='word_1_59' title='bbox 1539 1076 1741 1140; x_wconf 87' lang='lat' dir='ltr'><strong>Roma</strong></span> <span class='ocrx_word' id='word_1_60' title='bbox 1782 1083 2111 1162; x_wconf 89' lang='lat' dir='ltr'><strong>potentem</strong></span> 
     </span>
     <span class='ocr_line' id='line_1_16' title="bbox 661 1160 2202 1240; baseline 0.003 -16"><span class='ocrx_word' id='word_1_61' title='bbox 661 1161 868 1240; x_wconf 89' lang='lat' dir='ltr'><strong>Hunc,</strong></span> <span class='ocrx_word' id='word_1_62' title='bbox 913 1168 979 1226; x_wconf 89' lang='lat' dir='ltr'><strong>et</strong></span> <span class='ocrx_word' id='word_1_63' title='bbox 1021 1161 1331 1225; x_wconf 88' lang='lat' dir='ltr'><strong>maritimi</strong></span> <span class='ocrx_word' id='word_1_64' title='bbox 1373 1160 1627 1226; x_wconf 87' lang='lat' dir='ltr'><strong>solvunt</strong></span> <span class='ocrx_word' id='word_1_65' title='bbox 1670 1161 1914 1226; x_wconf 89' lang='lat' dir='ltr'><strong>tributa</strong></span> <span class='ocrx_word' id='word_1_66' title='bbox 1956 1165 2202 1229; x_wconf 89' lang='lat' dir='ltr'><strong>remoti.</strong></span> 
     </span>
     <span class='ocr_line' id='line_1_17' title="bbox 657 1247 2289 1332; baseline 0.002 -21"><span class='ocrx_word' id='word_1_67' title='bbox 657 1248 844 1312; x_wconf 83' lang='lat' dir='ltr'><strong>Pacis</strong></span> <span class='ocrx_word' id='word_1_68' title='bbox 888 1248 1132 1312; x_wconf 88' lang='lat' dir='ltr'><strong>amicus</strong></span> <span class='ocrx_word' id='word_1_69' title='bbox 1177 1252 1316 1312; x_wconf 85' lang='lat' dir='ltr'><strong>erat</strong></span> <span class='ocrx_word' id='word_1_70' title='bbox 1358 1247 1597 1312; x_wconf 88' lang='lat' dir='ltr'><strong>bellum</strong></span> <span class='ocrx_word' id='word_1_71' title='bbox 1640 1248 1897 1330; x_wconf 89' lang='lat' dir='ltr'><strong>lateque</strong></span> <span class='ocrx_word' id='word_1_72' title='bbox 1938 1249 2289 1332; x_wconf 87' lang='lat' dir='ltr'><strong>premebat.</strong></span> 
     </span>
    </p>

    <p class='ocr_par' dir='ltr' id='par_1_8' title="bbox 455 1333 2339 1761">
     <span class='ocr_line' id='line_1_18' title="bbox 455 1333 2035 1416; baseline 0.001 -18"><span class='ocrx_word' id='word_1_73' title='bbox 455 1345 522 1398; x_wconf 89' lang='lat'><strong>15</strong></span> <span class='ocrx_word' id='word_1_74' title='bbox 660 1333 1108 1398; x_wconf 89' lang='lat' dir='ltr'><strong>Occidentales</strong></span> <span class='ocrx_word' id='word_1_75' title='bbox 1155 1333 1340 1399; x_wconf 88' lang='lat' dir='ltr'><strong>sedat</strong></span> <span class='ocrx_word' id='word_1_76' title='bbox 1382 1334 1727 1416; x_wconf 88' lang='lat' dir='ltr'><strong>Danosque</strong></span> <span class='ocrx_word' id='word_1_77' title='bbox 1771 1334 2035 1399; x_wconf 88' lang='lat' dir='ltr'><strong>feroces.</strong></span> 
     </span>
     <span class='ocr_line' id='line_1_19' title="bbox 658 1418 2142 1504; baseline 0.001 -21"><span class='ocrx_word' id='word_1_78' title='bbox 658 1418 959 1484; x_wconf 88' lang='lat' dir='ltr'><strong>Partibus</strong></span> <span class='ocrx_word' id='word_1_79' title='bbox 1001 1418 1157 1484; x_wconf 89' lang='lat' dir='ltr'><strong>Eois</strong></span> <span class='ocrx_word' id='word_1_80' title='bbox 1204 1424 1354 1483; x_wconf 91' lang='lat' dir='ltr'><strong>tunc</strong></span> <span class='ocrx_word' id='word_1_81' title='bbox 1397 1439 1526 1484; x_wconf 93' lang='lat' dir='ltr'><strong>non</strong></span> <span class='ocrx_word' id='word_1_82' title='bbox 1570 1421 1887 1504; x_wconf 82' lang='lat' dir='ltr'><strong>apparuit·</strong></span> <span class='ocrx_word' id='word_1_83' title='bbox 1920 1419 2142 1485; x_wconf 91' lang='lat' dir='ltr'><strong>hostis.</strong></span> 
     </span>
     <span class='ocr_line' id='line_1_20' title="bbox 658 1503 2281 1588; baseline 0.002 -20"><span class='ocrx_word' id='word_1_84' title='bbox 658 1503 978 1569; x_wconf 83' lang='lat' dir='ltr'><strong>Maximus</strong></span> <span class='ocrx_word' id='word_1_85' title='bbox 1023 1505 1092 1569; x_wconf 91' lang='lat' dir='ltr'><strong>in</strong></span> <span class='ocrx_word' id='word_1_86' title='bbox 1135 1511 1386 1588; x_wconf 89' lang='lat' dir='ltr'><strong>sceptro</strong></span> <span class='ocrx_word' id='word_1_87' title='bbox 1431 1510 1531 1570; x_wconf 92' lang='lat' dir='ltr'><strong>ter</strong></span> <span class='ocrx_word' id='word_1_88' title='bbox 1576 1505 1773 1569; x_wconf 89' lang='lat' dir='ltr'><strong>denos</strong></span> <span class='ocrx_word' id='word_1_89' title='bbox 1819 1505 1987 1571; x_wconf 89' lang='lat' dir='ltr'><strong>sedit</strong></span> <span class='ocrx_word' id='word_1_90' title='bbox 2029 1512 2094 1571; x_wconf 89' lang='lat' dir='ltr'><strong>et</strong></span> <span class='ocrx_word' id='word_1_91' title='bbox 2138 1513 2281 1572; x_wconf 89' lang='lat' dir='ltr'><strong>octo</strong></span> 
     </span>
     <span class='ocr_line' id='line_1_21' title="bbox 658 1589 2200 1674; baseline 0.001 -20"><span class='ocrx_word' id='word_1_92' title='bbox 658 1589 915 1656; x_wconf 91' lang='lat' dir='ltr'><strong>Annosl</strong></span> <span class='ocrx_word' id='word_1_93' title='bbox 960 1592 1028 1655; x_wconf 90' lang='lat' dir='ltr'><strong>in</strong></span> <span class='ocrx_word' id='word_1_94' title='bbox 1074 1611 1288 1674; x_wconf 86' lang='lat' dir='ltr'><strong>regno.</strong></span> <span class='ocrx_word' id='word_1_95' title='bbox 1377 1591 1555 1656; x_wconf 91' lang='lat' dir='ltr'><strong>Tunc</strong></span> <span class='ocrx_word' id='word_1_96' title='bbox 1598 1591 1985 1656; x_wconf 76' lang='lat' dir='ltr'><strong>disceserat⁸</strong></span> <span class='ocrx_word' id='word_1_97' title='bbox 2029 1592 2200 1673; x_wconf 76' lang='lat' dir='ltr'><strong>Otto,</strong></span> 
     </span>
     <span class='ocr_line' id='line_1_22' title="bbox 655 1676 2339 1761; baseline 0.001 -21"><span class='ocrx_word' id='word_1_98' title='bbox 655 1676 920 1742; x_wconf 83' lang='lat' dir='ltr'><strong>Flebilis</strong></span> <span class='ocrx_word' id='word_1_99' title='bbox 962 1677 1088 1745; x_wconf 88' lang='lat' dir='ltr'><strong>heu</strong></span> <span class='ocrx_word' id='word_1_100' title='bbox 1132 1676 1404 1761; x_wconf 88' lang='lat' dir='ltr'><strong>patriae,</strong></span> <span class='ocrx_word' id='word_1_101' title='bbox 1455 1678 1646 1742; x_wconf 89' lang='lat' dir='ltr'><strong>simul</strong></span> <span class='ocrx_word' id='word_1_102' title='bbox 1690 1677 2098 1758; x_wconf 89' lang='lat' dir='ltr'><strong>invincibilis,</strong></span> <span class='ocrx_word' id='word_1_103' title='bbox 2145 1684 2339 1761; x_wconf 89' lang='lat' dir='ltr'><strong>atque</strong></span> 
     </span>
    </p>

    <p class='ocr_par' dir='ltr' id='par_1_9' title="bbox 451 1762 2343 1934">
     <span class='ocr_line' id='line_1_23' title="bbox 451 1762 2343 1847; baseline 0 -19"><span class='ocrx_word' id='word_1_104' title='bbox 451 1775 519 1828; x_wconf 77' lang='lat'><strong>20</strong></span> <span class='ocrx_word' id='word_1_105' title='bbox 655 1762 980 1846; x_wconf 89' lang='lat' dir='ltr'><strong>Linquens</strong></span> <span class='ocrx_word' id='word_1_106' title='bbox 1024 1763 1130 1827; x_wconf 92' lang='lat' dir='ltr'><strong>hic</strong></span> <span class='ocrx_word' id='word_1_107' title='bbox 1170 1768 1322 1847; x_wconf 92' lang='lat' dir='ltr'><strong>post</strong></span> <span class='ocrx_word' id='word_1_108' title='bbox 1367 1784 1434 1828; x_wconf 91' lang='lat' dir='ltr'><strong>se</strong></span> <span class='ocrx_word' id='word_1_109' title='bbox 1477 1769 1633 1828; x_wconf 90' lang='lat' dir='ltr'><strong>tunc</strong></span> <span class='ocrx_word' id='word_1_110' title='bbox 1677 1764 2053 1830; x_wconf 82' lang='lat' dir='ltr'><strong>contectalis</strong></span> <span class='ocrx_word' id='word_1_111' title='bbox 2098 1765 2343 1830; x_wconf 88' lang='lat' dir='ltr'><strong>amicae</strong></span> 
     </span>
     <span class='ocr_line' id='line_1_24' title="bbox 656 1849 2157 1934; baseline 0.003 -22"><span class='ocrx_word' id='word_1_112' title='bbox 656 1849 896 1933; x_wconf 84' lang='lat' dir='ltr'><strong>Pignus</strong></span> <span class='ocrx_word' id='word_1_113' title='bbox 940 1855 1004 1915; x_wconf 90' lang='lat' dir='ltr'><strong>et</strong></span> <span class='ocrx_word' id='word_1_114' title='bbox 1048 1851 1246 1933; x_wconf 84' lang='lat' dir='ltr'><strong>gnati,</strong></span> <span class='ocrx_word' id='word_1_115' title='bbox 1294 1870 1420 1933; x_wconf 91' lang='lat' dir='ltr'><strong>quo</strong></span> <span class='ocrx_word' id='word_1_116' title='bbox 1463 1849 1877 1915; x_wconf 87' lang='lat' dir='ltr'><strong>laetabantur</strong></span> <span class='ocrx_word' id='word_1_117' title='bbox 1920 1850 2157 1934; x_wconf 69' lang='lat' dir='ltr'><strong>amici]</strong></span> 
     </span>
    </p>
   </div>
   <div class='ocr_carea' id='block_1_7' title="bbox 1314 2001 1840 2071">
    <p class='ocr_par' dir='ltr' id='par_1_10' title="bbox 1314 2001 1840 2071">
     <span class='ocr_line' id='line_1_25' title="bbox 1314 2001 1840 2071; baseline 0.002 -2"><span class='ocrx_word' id='word_1_118' title='bbox 1314 2001 1675 2069; x_wconf 89' lang='lat' dir='ltr'><strong>LIBER</strong></span> <span class='ocrx_word' id='word_1_119' title='bbox 1736 2003 1840 2071; x_wconf 93' lang='grc' dir='ltr'><strong>ΙΙ.</strong></span> 
     </span>
    </p>
   </div>
   <div class='ocr_carea' id='block_1_8' title="bbox 447 2123 2945 3587">
    <p class='ocr_par' dir='ltr' id='par_1_11' title="bbox 447 2123 2945 3587">
     <span class='ocr_line' id='line_1_26' title="bbox 626 2123 2939 2210; baseline -0.002 -20"><span class='ocrx_word' id='word_1_120' title='bbox 626 2128 680 2192; x_wconf 94' lang='grc'><strong>1.</strong></span> <span class='ocrx_word' id='word_1_121' title='bbox 727 2124 846 2209; x_wconf 90' lang='grc'>(1.)</span> <span class='ocrx_word' id='word_1_122' title='bbox 907 2123 1177 2190; x_wconf 77' lang='lat' dir='ltr'><strong>*Omnes</strong></span> <span class='ocrx_word' id='word_1_123' title='bbox 1231 2125 1325 2188; x_wconf 91' lang='lat' dir='ltr'><strong>rei</strong></span> <span class='ocrx_word' id='word_1_124' title='bbox 1379 2123 1677 2206; x_wconf 87' lang='lat' dir='ltr'><strong>publicae</strong></span> <span class='ocrx_word' id='word_1_125' title='bbox 1728 2125 2050 2208; x_wconf 84' lang='lat' dir='ltr'><strong>principes</strong></span> <span class='ocrx_word' id='word_1_126' title='bbox 2102 2145 2402 2208; x_wconf 85' lang='lat' dir='ltr'><strong>magnum</strong></span> <span class='ocrx_word' id='word_1_127' title='bbox 2448 2125 2705 2210; x_wconf 86' lang='lat' dir='ltr'><strong>reginae</strong></span> <span class='ocrx_word' id='word_1_128' title='bbox 2733 2146 2859 2196; x_wconf 65' lang='lat' dir='ltr'><strong>*sot</strong></span> <span class='ocrx_word' id='word_1_129' title='bbox 2882 2149 2939 2187; x_wconf 88' lang='lat'><strong>15</strong></span> 
     </span>
     <span class='ocr_line' id='line_1_27' title="bbox 452 2197 2945 2293; baseline 0 -18"><span class='ocrx_word' id='word_1_130' title='bbox 452 2210 782 2276; x_wconf 87' lang='lat' dir='ltr'><strong>Mathildis</strong></span> <span class='ocrx_word' id='word_1_131' title='bbox 835 2232 1142 2275; x_wconf 88' lang='lat' dir='ltr'><strong>merorem</strong></span> <span class='ocrx_word' id='word_1_132' title='bbox 1205 2211 1405 2274; x_wconf 88' lang='lat' dir='ltr'><strong>lenire</strong></span> <span class='ocrx_word' id='word_1_133' title='bbox 1467 2211 1826 2293; x_wconf 80' lang='lat' dir='ltr'><strong>cupienteS‚</strong></span> <span class='ocrx_word' id='word_1_134' title='bbox 1891 2210 2213 2288; x_wconf 79' lang='lat' dir='ltr'><strong>ottonem,</strong></span> <span class='ocrx_word' id='word_1_135' title='bbox 2279 2210 2480 2275; x_wconf 90' lang='lat' dir='ltr'><strong>filium</strong></span> <span class='ocrx_word' id='word_1_136' title='bbox 2542 2213 2699 2291; x_wconf 86' lang='lat' dir='ltr'><strong>eius,</strong></span> <span class='ocrx_word' id='word_1_137' title='bbox 2731 2197 2945 2292; x_wconf 48' lang='lat'><strong>(3222</strong></span> 
     </span>
     <span class='ocr_line' id='line_1_28' title="bbox 449 2295 2703 2381; baseline 0.001 -21"><span class='ocrx_word' id='word_1_138' title='bbox 449 2298 654 2381; x_wconf 88' lang='lat' dir='ltr'><strong>patris</strong></span> <span class='ocrx_word' id='word_1_139' title='bbox 717 2298 816 2361; x_wconf 88' lang='lat' dir='ltr'><strong>sui</strong></span> <span class='ocrx_word' id='word_1_140' title='bbox 880 2297 1136 2362; x_wconf 88' lang='lat' dir='ltr'><strong>decreto</strong></span> <span class='ocrx_word' id='word_1_141' title='bbox 1199 2317 1275 2360; x_wconf 90' lang='lat' dir='ltr'><strong>ac</strong></span> <span class='ocrx_word' id='word_1_142' title='bbox 1337 2295 1653 2379; x_wconf 86' lang='lat' dir='ltr'><strong>peticione</strong></span> <span class='ocrx_word' id='word_1_143' title='bbox 1714 2317 1839 2360; x_wconf 91' lang='lat' dir='ltr'><strong>uno</strong></span> <span class='ocrx_word' id='word_1_144' title='bbox 1902 2315 2011 2360; x_wconf 90' lang='lat' dir='ltr'><strong>ore</strong></span> <span class='ocrx_word' id='word_1_145' title='bbox 2070 2297 2139 2359; x_wconf 91' lang='lat' dir='ltr'><strong>in</strong></span> <span class='ocrx_word' id='word_1_146' title='bbox 2190 2317 2402 2380; x_wconf 86' lang='lat' dir='ltr'><strong>regem</strong></span> <span class='ocrx_word' id='word_1_147' title='bbox 2460 2297 2584 2362; x_wconf 88' lang='lat' dir='ltr'><strong>sibi</strong></span> <span class='ocrx_word' id='word_1_148' title='bbox 2638 2305 2703 2362; x_wconf 90' lang='lat' dir='ltr'><strong>et</strong></span> 
     </span>
     <span class='ocr_line' id='line_1_29' title="bbox 451 2381 2705 2466; baseline 0 -18"><span class='ocrx_word' id='word_1_149' title='bbox 451 2383 777 2448; x_wconf 89' lang='lat' dir='ltr'><strong>dominum</strong></span> <span class='ocrx_word' id='word_1_150' title='bbox 823 2382 1179 2466; x_wconf 84' lang='lat' dir='ltr'><strong>elegerunt,</strong></span> <span class='ocrx_word' id='word_1_151' title='bbox 1237 2382 1499 2446; x_wconf 86' lang='lat' dir='ltr'><strong>elevatis</strong></span> <span class='ocrx_word' id='word_1_152' title='bbox 1545 2381 1794 2446; x_wconf 84' lang='lat' dir='ltr'><strong>dextris</strong></span> <span class='ocrx_word' id='word_1_153' title='bbox 1840 2382 2344 2447; x_wconf 87' lang='lat' dir='ltr'><strong>conclamantes:</strong></span> <span class='ocrx_word' id='word_1_154' title='bbox 2395 2383 2605 2448; x_wconf 88' lang='lat' dir='ltr'><strong>‘Vivat</strong></span> <span class='ocrx_word' id='word_1_155' title='bbox 2640 2390 2705 2448; x_wconf 92' lang='lat' dir='ltr'><strong>et</strong></span> 
     </span>
     <span class='ocr_line' id='line_1_30' title="bbox 449 2467 2705 2553; baseline 0 -20"><span class='ocrx_word' id='word_1_156' title='bbox 449 2471 664 2536; x_wconf 88' lang='lat' dir='ltr'><strong>valeat</strong></span> <span class='ocrx_word' id='word_1_157' title='bbox 709 2490 823 2535; x_wconf 88' lang='lat' dir='ltr'><strong>rex</strong></span> <span class='ocrx_word' id='word_1_158' title='bbox 870 2471 1070 2534; x_wconf 88' lang='lat' dir='ltr'><strong>victor</strong></span> <span class='ocrx_word' id='word_1_159' title='bbox 1112 2471 1180 2534; x_wconf 92' lang='lat' dir='ltr'><strong>in</strong></span> <span class='ocrx_word' id='word_1_160' title='bbox 1224 2467 1563 2534; x_wconf 81' lang='lat' dir='ltr'><strong>eternuml&#39;</strong></span> <span class='ocrx_word' id='word_1_161' title='bbox 1610 2468 1980 2551; x_wconf 85' lang='lat' dir='ltr'><strong>pariterque</strong></span> <span class='ocrx_word' id='word_1_162' title='bbox 2024 2489 2170 2533; x_wconf 91' lang='lat' dir='ltr'><strong>cum</strong></span> <span class='ocrx_word' id='word_1_163' title='bbox 2214 2488 2289 2532; x_wconf 90' lang='lat' dir='ltr'><strong>eo</strong></span> <span class='ocrx_word' id='word_1_164' title='bbox 2334 2469 2416 2534; x_wconf 90' lang='lat' dir='ltr'><strong>ad</strong></span> <span class='ocrx_word' id='word_1_165' title='bbox 2456 2471 2705 2553; x_wconf 90' lang='lat' dir='ltr'><strong>Aquas-</strong></span> 
     </span>
     <span class='ocr_line' id='line_1_31' title="bbox 449 2555 2703 2641; baseline -0.001 -19"><span class='ocrx_word' id='word_1_166' title='bbox 449 2557 633 2641; x_wconf 86' lang='lat' dir='ltr'><strong>grani</strong></span> <span class='ocrx_word' id='word_1_167' title='bbox 677 2555 1188 2638; x_wconf 89' lang='lat' dir='ltr'><strong>proficiscuntur.</strong></span> <span class='ocrx_word' id='word_1_168' title='bbox 1276 2556 1417 2632; x_wconf 84' lang='lat' dir='ltr'><strong>Quo</strong></span> <span class='ocrx_word' id='word_1_169' title='bbox 1463 2576 1607 2619; x_wconf 89' lang='lat' dir='ltr'><strong>cum</strong></span> <span class='ocrx_word' id='word_1_170' title='bbox 1654 2555 2133 2639; x_wconf 82' lang='lat' dir='ltr'><strong>appropiarent,</strong></span> <span class='ocrx_word' id='word_1_171' title='bbox 2191 2555 2397 2620; x_wconf 90' lang='lat' dir='ltr'><strong>omnis</strong></span> <span class='ocrx_word' id='word_1_172' title='bbox 2443 2562 2703 2621; x_wconf 88' lang='lat' dir='ltr'><strong>senatus</strong></span> 
     </span>
     <span class='ocr_line' id='line_1_32' title="bbox 449 2640 2703 2725; baseline -0.001 -18"><span class='ocrx_word' id='word_1_173' title='bbox 449 2642 698 2707; x_wconf 87' lang='lat' dir='ltr'><strong>obviam</strong></span> <span class='ocrx_word' id='word_1_174' title='bbox 741 2642 1044 2725; x_wconf 89' lang='lat' dir='ltr'><strong>perrexit,</strong></span> <span class='ocrx_word' id='word_1_175' title='bbox 1099 2640 1289 2705; x_wconf 92' lang='lat' dir='ltr'><strong>fidem</strong></span> <span class='ocrx_word' id='word_1_176' title='bbox 1337 2662 1482 2705; x_wconf 90' lang='lat' dir='ltr'><strong>cum</strong></span> <span class='ocrx_word' id='word_1_177' title='bbox 1516 2640 1882 2706; x_wconf 87' lang='lat' dir='ltr'><strong>subiecione</strong></span> <span class='ocrx_word' id='word_1_178' title='bbox 1927 2641 2225 2724; x_wconf 86' lang='lat' dir='ltr'><strong>promisit</strong></span> <span class='ocrx_word' id='word_1_179' title='bbox 2266 2647 2331 2705; x_wconf 88' lang='lat' dir='ltr'><strong>et</strong></span> <span class='ocrx_word' id='word_1_180' title='bbox 2366 2641 2451 2707; x_wconf 90' lang='lat' dir='ltr'><strong>ad</strong></span> <span class='ocrx_word' id='word_1_181' title='bbox 2487 2642 2703 2707; x_wconf 87' lang='lat' dir='ltr'><strong>sedem</strong></span> 
     </span>
     <span class='ocr_line' id='line_1_33' title="bbox 451 2725 2701 2813; baseline -0.001 -20"><span class='ocrx_word' id='word_1_182' title='bbox 451 2750 596 2793; x_wconf 92' lang='lat' dir='ltr'><strong>eum</strong></span> <span class='ocrx_word' id='word_1_183' title='bbox 634 2727 870 2793; x_wconf 88' lang='lat' dir='ltr'><strong>ducens</strong></span> <span class='ocrx_word' id='word_1_184' title='bbox 907 2748 1107 2812; x_wconf 91' lang='lat' dir='ltr'><strong>usque</strong></span> <span class='ocrx_word' id='word_1_185' title='bbox 1144 2728 1518 2811; x_wconf 89' lang='lat' dir='ltr'><strong>inperialem</strong></span> <span class='ocrx_word' id='word_1_186' title='bbox 1556 2727 1788 2793; x_wconf 86' lang='lat' dir='ltr'><strong>statuit</strong></span> <span class='ocrx_word' id='word_1_187' title='bbox 1826 2726 2096 2791; x_wconf 89' lang='lat' dir='ltr'><strong>eundem</strong></span> <span class='ocrx_word' id='word_1_188' title='bbox 2133 2727 2200 2791; x_wconf 92' lang='lat' dir='ltr'><strong>in</strong></span> <span class='ocrx_word' id='word_1_189' title='bbox 2228 2725 2370 2792; x_wconf 89' lang='lat' dir='ltr'><strong>loeo</strong></span> <span class='ocrx_word' id='word_1_190' title='bbox 2397 2729 2701 2813; x_wconf 89' lang='lat' dir='ltr'><strong>priorum,</strong></span> 
     </span>
     <span class='ocr_line' id='line_1_34' title="bbox 450 2813 2703 2897; baseline -0 -19"><span class='ocrx_word' id='word_1_191' title='bbox 450 2818 515 2879; x_wconf 92' lang='lat' dir='ltr'><strong>in</strong></span> <span class='ocrx_word' id='word_1_192' title='bbox 561 2836 772 2897; x_wconf 86' lang='lat' dir='ltr'><strong>regem</strong></span> <span class='ocrx_word' id='word_1_193' title='bbox 819 2814 942 2879; x_wconf 93' lang='lat' dir='ltr'><strong>sibi</strong></span> <span class='ocrx_word' id='word_1_194' title='bbox 987 2813 1383 2879; x_wconf 87' lang='lat' dir='ltr'><strong>conlaudans</strong></span> <span class='ocrx_word' id='word_1_195' title='bbox 1429 2835 1506 2878; x_wconf 89' lang='lat' dir='ltr'><strong>ac</strong></span> <span class='ocrx_word' id='word_1_196' title='bbox 1543 2813 1679 2878; x_wconf 90' lang='lat' dir='ltr'><strong>Deo</strong></span> <span class='ocrx_word' id='word_1_197' title='bbox 1734 2818 1887 2876; x_wconf 92' lang='lat' dir='ltr'><strong>tunc</strong></span> <span class='ocrx_word' id='word_1_198' title='bbox 1932 2814 2177 2893; x_wconf 82' lang='lat' dir='ltr'><strong>gratias</strong></span> <span class='ocrx_word' id='word_1_199' title='bbox 2214 2834 2425 2896; x_wconf 84' lang='lat' dir='ltr'><strong>agens.</strong></span> <span class='ocrx_word' id='word_1_200' title='bbox 2516 2813 2703 2878; x_wconf 91' lang='lat' dir='ltr'><strong>Hunc</strong></span> 
     </span>
     <span class='ocr_line' id='line_1_35' title="bbox 449 2896 2702 2983; baseline -0.001 -18"><span class='ocrx_word' id='word_1_201' title='bbox 449 2900 844 2979; x_wconf 88' lang='lat' dir='ltr'><strong>Hillibertus‚</strong></span> <span class='ocrx_word' id='word_1_202' title='bbox 892 2900 1301 2983; x_wconf 86' lang='lat' dir='ltr'><strong>Mogantinae</strong></span> <span class='ocrx_word' id='word_1_203' title='bbox 1346 2900 1540 2964; x_wconf 76' lang='lat' dir='ltr'><strong>curab</strong></span> <span class='ocrx_word' id='word_1_204' title='bbox 1586 2896 1933 2963; x_wconf 87' lang='lat' dir='ltr'><strong>cathedrae</strong></span> <span class='ocrx_word' id='word_1_205' title='bbox 1948 2897 1995 2977; x_wconf 86' lang='lat'><strong>2,</strong></span> <span class='ocrx_word' id='word_1_206' title='bbox 2044 2920 2183 2964; x_wconf 90' lang='lat' dir='ltr'><strong>cum</strong></span> <span class='ocrx_word' id='word_1_207' title='bbox 2232 2900 2493 2965; x_wconf 90' lang='lat' dir='ltr'><strong>licentia</strong></span> <span class='ocrx_word' id='word_1_208' title='bbox 2527 2900 2702 2982; x_wconf 81' lang='lat' dir='ltr'><strong>wig-</strong></span> 
     </span>
     <span class='ocr_line' id='line_1_36' title="bbox 449 2983 2702 3069; baseline -0.001 -18"><span class='ocrx_word' id='word_1_209' title='bbox 449 2987 630 3067; x_wconf 87' lang='lat' dir='ltr'><strong>fridi,</strong></span> <span class='ocrx_word' id='word_1_210' title='bbox 690 2988 996 3052; x_wconf 76' lang='lat' dir='ltr'><strong>sanctae*</strong></span> <span class='ocrx_word' id='word_1_211' title='bbox 1053 2986 1448 3051; x_wconf 88' lang='lat' dir='ltr'><strong>Coloniensis</strong></span> <span class='ocrx_word' id='word_1_212' title='bbox 1503 2984 1960 3069; x_wconf 88' lang='lat' dir='ltr'><strong>archipresulis</strong></span> <span class='ocrx_word' id='word_1_213' title='bbox 1983 2983 2033 3063; x_wconf 86' lang='lat'><strong>3,</strong></span> <span class='ocrx_word' id='word_1_214' title='bbox 2096 2987 2163 3049; x_wconf 90' lang='lat' dir='ltr'><strong>in</strong></span> <span class='ocrx_word' id='word_1_215' title='bbox 2222 2987 2403 3049; x_wconf 91' lang='lat' dir='ltr'><strong>cuius</strong></span> <span class='ocrx_word' id='word_1_216' title='bbox 2460 2986 2702 3050; x_wconf 86' lang='lat' dir='ltr'><strong>diocesi</strong></span> 
     </span>
     <span class='ocr_line' id='line_1_37' title="bbox 449 3070 2699 3161; baseline -0.001 -24"><span class='ocrx_word' id='word_1_217' title='bbox 449 3074 572 3137; x_wconf 92' lang='lat' dir='ltr'><strong>hoc</strong></span> <span class='ocrx_word' id='word_1_218' title='bbox 615 3074 758 3152; x_wconf 83' lang='lat' dir='ltr'><strong>fuit,</strong></span> <span class='ocrx_word' id='word_1_219' title='bbox 807 3070 922 3161; x_wconf 92' lang='lat' dir='ltr'><strong>[et]</strong></span> <span class='ocrx_word' id='word_1_220' title='bbox 963 3071 1202 3137; x_wconf 88' lang='lat' dir='ltr'><strong>auxilio</strong></span> <span class='ocrx_word' id='word_1_221' title='bbox 1240 3070 1686 3135; x_wconf 79' lang='lat' dir='ltr'><strong>Treverensis4</strong></span> <span class='ocrx_word' id='word_1_222' title='bbox 1725 3071 2064 3149; x_wconf 84' lang='lat' dir='ltr'><strong>benedixit,</strong></span> <span class='ocrx_word' id='word_1_223' title='bbox 2114 3070 2307 3158; x_wconf 89' lang='lat' dir='ltr'><strong>[anno</strong></span> <span class='ocrx_word' id='word_1_224' title='bbox 2343 3071 2699 3136; x_wconf 87' lang='lat' dir='ltr'><strong>dominicae</strong></span> 
     </span>
     <span class='ocr_line' id='line_1_38' title="bbox 449 3154 2698 3243; baseline -0.001 -20"><span class='ocrx_word' id='word_1_225' title='bbox 449 3160 912 3224; x_wconf 86' lang='lat' dir='ltr'><strong>incarnationis</strong></span> <span class='ocrx_word' id='word_1_226' title='bbox 956 3154 1621 3243; x_wconf 82' lang='lat' dir='ltr'><strong>DCCCOXXXV1⁰J5</strong></span> <span class='ocrx_word' id='word_1_227' title='bbox 1674 3158 1739 3221; x_wconf 91' lang='lat' dir='ltr'><strong>in</strong></span> <span class='ocrx_word' id='word_1_228' title='bbox 1792 3157 2103 3222; x_wconf 90' lang='lat' dir='ltr'><strong>aecclesia</strong></span> <span class='ocrx_word' id='word_1_229' title='bbox 2147 3164 2409 3224; x_wconf 89' lang='lat' dir='ltr'><strong>sanctae</strong></span> <span class='ocrx_word' id='word_1_230' title='bbox 2454 3158 2698 3223; x_wconf 86' lang='lat' dir='ltr'><strong>Mariae</strong></span> 
     </span>
     <span class='ocr_line' id='line_1_39' title="bbox 451 3243 2939 3329; baseline -0.002 -18"><span class='ocrx_word' id='word_1_231' title='bbox 451 3267 700 3329; x_wconf 89' lang='lat' dir='ltr'><strong>semper</strong></span> <span class='ocrx_word' id='word_1_232' title='bbox 727 3244 1040 3327; x_wconf 81' lang='lat' dir='ltr'><strong>*virginis,</strong></span> <span class='ocrx_word' id='word_1_233' title='bbox 1070 3265 1262 3327; x_wconf 90' lang='lat' dir='ltr'><strong>quam</strong></span> <span class='ocrx_word' id='word_1_234' title='bbox 1292 3264 1436 3307; x_wconf 92' lang='lat' dir='ltr'><strong>cum</strong></span> <span class='ocrx_word' id='word_1_235' title='bbox 1465 3244 1638 3307; x_wconf 89' lang='lat' dir='ltr'><strong>omni</strong></span> <span class='ocrx_word' id='word_1_236' title='bbox 1667 3243 2001 3327; x_wconf 87' lang='lat' dir='ltr'><strong>diligentia</strong></span> <span class='ocrx_word' id='word_1_237' title='bbox 2036 3264 2305 3326; x_wconf 85' lang='lat' dir='ltr'><strong>magnus</strong></span> <span class='ocrx_word' id='word_1_238' title='bbox 2342 3244 2702 3309; x_wconf 85' lang='lat' dir='ltr'><strong>construxit</strong></span> <span class='ocrx_word' id='word_1_239' title='bbox 2728 3261 2749 3285; x_wconf 85' lang='lat'>*</span> <span class='ocrx_word' id='word_1_240' title='bbox 2771 3275 2820 3313; x_wconf 73' lang='lat' dir='ltr'><strong>p.</strong></span> <span class='ocrx_word' id='word_1_241' title='bbox 2845 3265 2939 3305; x_wconf 74' lang='lat'><strong>744.</strong></span> 
     </span>
     <span class='ocr_line' id='line_1_40' title="bbox 447 3328 2698 3415; baseline 0 -20"><span class='ocrx_word' id='word_1_242' title='bbox 447 3332 744 3397; x_wconf 83' lang='lat' dir='ltr'><strong>Karolus.</strong></span> <span class='ocrx_word' id='word_1_243' title='bbox 835 3330 1247 3395; x_wconf 81' lang='lat' dir='ltr'><strong>Confortatus</strong></span> <span class='ocrx_word' id='word_1_244' title='bbox 1283 3330 1348 3393; x_wconf 93' lang='lat' dir='ltr'><strong>in</strong></span> <span class='ocrx_word' id='word_1_245' title='bbox 1387 3328 1522 3393; x_wconf 93' lang='lat' dir='ltr'><strong>Deo</strong></span> <span class='ocrx_word' id='word_1_246' title='bbox 1556 3335 1711 3394; x_wconf 89' lang='lat' dir='ltr'><strong>tunc</strong></span> <span class='ocrx_word' id='word_1_247' title='bbox 1747 3336 1812 3393; x_wconf 91' lang='lat' dir='ltr'><strong>et</strong></span> <span class='ocrx_word' id='word_1_248' title='bbox 1844 3330 1911 3393; x_wconf 92' lang='lat' dir='ltr'><strong>in</strong></span> <span class='ocrx_word' id='word_1_249' title='bbox 1948 3350 2141 3413; x_wconf 88' lang='lat' dir='ltr'><strong>regno</strong></span> <span class='ocrx_word' id='word_1_250' title='bbox 2178 3330 2698 3415; x_wconf 88' lang='lat' dir='ltr'><strong>sceptriferorum</strong></span> 
     </span>
     <span class='ocr_line' id='line_1_41' title="bbox 447 3414 2697 3499; baseline -0.002 -16"><span class='ocrx_word' id='word_1_251' title='bbox 447 3416 809 3483; x_wconf 69' lang='lat' dir='ltr'><strong>maximusss</strong></span> <span class='ocrx_word' id='word_1_252' title='bbox 874 3415 1025 3482; x_wconf 84' lang='lat' dir='ltr'><strong>Otto</strong></span> <span class='ocrx_word' id='word_1_253' title='bbox 1089 3417 1419 3497; x_wconf 89' lang='lat' dir='ltr'><strong>coniugem</strong></span> <span class='ocrx_word' id='word_1_254' title='bbox 1485 3436 1670 3479; x_wconf 90' lang='lat' dir='ltr'><strong>suam</strong></span> <span class='ocrx_word' id='word_1_255' title='bbox 1728 3414 2059 3494; x_wconf 90' lang='lat' dir='ltr'><strong>Editham,</strong></span> <span class='ocrx_word' id='word_1_256' title='bbox 2122 3415 2477 3481; x_wconf 87' lang='lat' dir='ltr'><strong>Ethmundi</strong></span> <span class='ocrx_word' id='word_1_257' title='bbox 2530 3418 2697 3499; x_wconf 86' lang='lat' dir='ltr'><strong>regis</strong></span> 
     </span>
     <span class='ocr_line' id='line_1_42' title="bbox 450 3501 2698 3587; baseline -0.001 -18"><span class='ocrx_word' id='word_1_258' title='bbox 450 3504 797 3587; x_wconf 85' lang='lat' dir='ltr'><strong>Anglorum</strong></span> <span class='ocrx_word' id='word_1_259' title='bbox 841 3501 1112 3583; x_wconf 87' lang='lat' dir='ltr'><strong>filiam⁷‚</strong></span> <span class='ocrx_word' id='word_1_260' title='bbox 1169 3502 1326 3566; x_wconf 91' lang='lat' dir='ltr'><strong>bene</strong></span> <span class='ocrx_word' id='word_1_261' title='bbox 1378 3502 1775 3579; x_wconf 85' lang='lat' dir='ltr'><strong>timoratam,</strong></span> <span class='ocrx_word' id='word_1_262' title='bbox 1831 3522 2023 3585; x_wconf 86' lang='lat' dir='ltr'><strong>quam</strong></span> <span class='ocrx_word' id='word_1_263' title='bbox 2077 3508 2261 3585; x_wconf 90' lang='lat' dir='ltr'><strong>patre</strong></span> <span class='ocrx_word' id='word_1_264' title='bbox 2316 3524 2434 3569; x_wconf 89' lang='lat' dir='ltr'><strong>suo</strong></span> <span class='ocrx_word' id='word_1_265' title='bbox 2487 3503 2698 3567; x_wconf 88' lang='lat' dir='ltr'><strong>adhuc</strong></span> 
     </span>
    </p>
   </div>
   <div class='ocr_carea' id='block_1_9' title="bbox 447 3588 1785 3778">
    <p class='ocr_par' dir='ltr' id='par_1_12' title="bbox 447 3588 1785 3778">
     <span class='ocr_line' id='line_1_43' title="bbox 447 3588 1785 3674; baseline -0.002 -18"><span class='ocrx_word' id='word_1_266' title='bbox 447 3592 692 3656; x_wconf 86' lang='lat' dir='ltr'><strong>vivente</strong></span> <span class='ocrx_word' id='word_1_267' title='bbox 737 3588 1026 3674; x_wconf 89' lang='lat' dir='ltr'><strong>duxerat,</strong></span> <span class='ocrx_word' id='word_1_268' title='bbox 1074 3588 1433 3654; x_wconf 88' lang='lat' dir='ltr'><strong>consecrari</strong></span> <span class='ocrx_word' id='word_1_269' title='bbox 1479 3589 1785 3670; x_wconf 90' lang='lat' dir='ltr'><strong>precepit.</strong></span> 
     </span>
     <span class='ocr_line' id='line_1_44' title="bbox 557 3710 1062 3778; baseline 0 -13"><span class='ocrx_word' id='word_1_270' title='bbox 557 3712 611 3778; x_wconf 52' lang='grc' dir='ltr'>πίε)</span> <span class='ocrx_word' id='word_1_271' title='bbox 649 3710 788 3765; x_wconf 88' lang='lat' dir='ltr'><strong>sedis</strong></span> <span class='ocrx_word' id='word_1_272' title='bbox 826 3711 953 3767; x_wconf 82' lang='lat' dir='ltr'><strong>add.</strong></span> <span class='ocrx_word' id='word_1_273' title='bbox 995 3712 1062 3767; x_wconf 88' lang='lat' dir='ltr'><strong>V.</strong></span> 
     </span>
    </p>
   </div>
   <div class='ocr_carea' id='block_1_10' title="bbox 446 3810 1870 3867">
    <p class='ocr_par' dir='ltr' id='par_1_13' title="bbox 446 3810 1870 3867">
     <span class='ocr_line' id='line_1_45' title="bbox 446 3810 1870 3867; baseline -0.002 -14"><span class='ocrx_word' id='word_1_274' title='bbox 446 3816 490 3867; x_wconf 81' lang='lat' dir='ltr'><strong>a)</strong></span> <span class='ocrx_word' id='word_1_275' title='bbox 515 3814 703 3853; x_wconf 70' lang='lat' dir='ltr'><strong>disceret</strong></span> <span class='ocrx_word' id='word_1_276' title='bbox 721 3814 906 3864; x_wconf 78' lang='lat' dir='ltr'><strong>primum</strong></span> <span class='ocrx_word' id='word_1_277' title='bbox 935 3815 974 3852; x_wconf 84' lang='lat' dir='ltr'><em>T</em></span> <span class='ocrx_word' id='word_1_278' title='bbox 995 3824 1098 3862; x_wconf 63' lang='lat' dir='ltr'><strong>ser„</strong></span> <span class='ocrx_word' id='word_1_279' title='bbox 1123 3812 1199 3853; x_wconf 71' lang='lat' dir='ltr'><strong>sed</strong></span> <span class='ocrx_word' id='word_1_280' title='bbox 1226 3814 1316 3861; x_wconf 65' lang='lat' dir='ltr'><strong>ipse</strong></span> <span class='ocrx_word' id='word_1_281' title='bbox 1342 3823 1447 3851; x_wconf 85' lang='lat' dir='ltr'><strong>corr.</strong></span> <span class='ocrx_word' id='word_1_282' title='bbox 1556 3810 1605 3862; x_wconf 87' lang='lat' dir='ltr'><strong>b)</strong></span> <span class='ocrx_word' id='word_1_283' title='bbox 1632 3814 1803 3851; x_wconf 81' lang='lat' dir='ltr'><strong>curator</strong></span> <span class='ocrx_word' id='word_1_284' title='bbox 1829 3812 1870 3851; x_wconf 84' lang='grc'><strong>2.</strong></span> 
     </span>
    </p>
   </div>
   <div class='ocr_carea' id='block_1_11' title="bbox 445 3899 2697 4523">
    <p class='ocr_par' dir='ltr' id='par_1_14' title="bbox 445 3899 2697 4523">
     <span class='ocr_line' id='line_1_46' title="bbox 449 3899 2694 3967; baseline -0.001 -11"><span class='ocrx_word' id='word_1_285' title='bbox 449 3902 502 3967; x_wconf 89' lang='lat'><strong>1)</strong></span> <span class='ocrx_word' id='word_1_286' title='bbox 539 3902 764 3957; x_wconf 79' lang='lat' dir='ltr'><strong>Rectius</strong></span> <span class='ocrx_word' id='word_1_287' title='bbox 798 3903 866 3957; x_wconf 85' lang='lat'><strong>37</strong></span> <span class='ocrx_word' id='word_1_288' title='bbox 903 3917 1094 3963; x_wconf 68' lang='lat' dir='ltr'><strong>aot-noc,</strong></span> <span class='ocrx_word' id='word_1_289' title='bbox 1141 3916 1216 3953; x_wconf 79' lang='lat' dir='ltr'><strong>se.</strong></span> <span class='ocrx_word' id='word_1_290' title='bbox 1251 3900 1322 3954; x_wconf 84' lang='lat' dir='ltr'><strong>ab</strong></span> <span class='ocrx_word' id='word_1_291' title='bbox 1359 3917 1410 3953; x_wconf 89' lang='lat' dir='ltr'><strong>a.</strong></span> <span class='ocrx_word' id='word_1_292' title='bbox 1447 3900 1549 3954; x_wconf 85' lang='lat'><strong>936</strong></span> <span class='ocrx_word' id='word_1_293' title='bbox 1586 3902 1730 3966; x_wconf 66' lang='lat' dir='ltr'><strong>Aug.</strong></span> <span class='ocrx_word' id='word_1_294' title='bbox 1758 3900 1807 3952; x_wconf 87' lang='grc'><strong>8.</strong></span> <span class='ocrx_word' id='word_1_295' title='bbox 1852 3915 2025 3967; x_wconf 78' lang='lat' dir='ltr'><strong>usque</strong></span> <span class='ocrx_word' id='word_1_296' title='bbox 2060 3900 2135 3953; x_wconf 83' lang='lat' dir='ltr'><strong>ad</strong></span> <span class='ocrx_word' id='word_1_297' title='bbox 2168 3918 2220 3953; x_wconf 88' lang='lat' dir='ltr'><strong>a.</strong></span> <span class='ocrx_word' id='word_1_298' title='bbox 2249 3900 2351 3954; x_wconf 85' lang='lat'><strong>973</strong></span> <span class='ocrx_word' id='word_1_299' title='bbox 2386 3899 2517 3953; x_wconf 88' lang='lat' dir='ltr'><strong>Mai</strong></span> <span class='ocrx_word' id='word_1_300' title='bbox 2541 3900 2589 3953; x_wconf 87' lang='lat'><strong>7.</strong></span> <span class='ocrx_word' id='word_1_301' title='bbox 2626 3900 2694 3954; x_wconf 89' lang='lat' dir='ltr'><strong>L.</strong></span> 
     </span>
     <span class='ocr_line' id='line_1_47' title="bbox 449 3967 2697 4035; baseline -0.002 -10"><span class='ocrx_word' id='word_1_302' title='bbox 449 3972 789 4026; x_wconf 79' lang='lat' dir='ltr'><strong>Thietmarus</strong></span> <span class='ocrx_word' id='word_1_303' title='bbox 823 3970 967 4023; x_wconf 78' lang='lat' dir='ltr'><strong>hunc</strong></span> <span class='ocrx_word' id='word_1_304' title='bbox 1000 3984 1282 4022; x_wconf 78' lang='lat' dir='ltr'><strong>numerum</strong></span> <span class='ocrx_word' id='word_1_305' title='bbox 1326 3985 1390 4021; x_wconf 72' lang='lat' dir='ltr'><strong>em</strong></span> <span class='ocrx_word' id='word_1_306' title='bbox 1427 3968 1573 4021; x_wconf 78' lang='lat' dir='ltr'><strong>Ami.</strong></span> <span class='ocrx_word' id='word_1_307' title='bbox 1612 3967 1892 4032; x_wconf 75' lang='lat' dir='ltr'><strong>Quodlinb.</strong></span> <span class='ocrx_word' id='word_1_308' title='bbox 1929 3970 2011 4023; x_wconf 86' lang='lat' dir='ltr'><strong>ita</strong></span> <span class='ocrx_word' id='word_1_309' title='bbox 2044 3968 2256 4021; x_wconf 74' lang='lat' dir='ltr'><strong>videtur</strong></span> <span class='ocrx_word' id='word_1_310' title='bbox 2291 3968 2587 4035; x_wconf 73' lang='lat' dir='ltr'><strong>colleyisse,</strong></span> <span class='ocrx_word' id='word_1_311' title='bbox 2634 3974 2697 4021; x_wconf 79' lang='lat' dir='ltr'><strong>ut</strong></span> 
     </span>
     <span class='ocr_line' id='line_1_48' title="bbox 447 4036 2694 4109; baseline -0.002 -15"><span class='ocrx_word' id='word_1_312' title='bbox 447 4041 548 4096; x_wconf 87' lang='lat'><strong>936</strong></span> <span class='ocrx_word' id='word_1_313' title='bbox 568 4042 827 4109; x_wconf 77' lang='lat' dir='ltr'><strong>primum,</strong></span> <span class='ocrx_word' id='word_1_314' title='bbox 855 4040 958 4096; x_wconf 86' lang='lat'><strong>973</strong></span> <span class='ocrx_word' id='word_1_315' title='bbox 983 4038 1233 4093; x_wconf 79' lang='lat' dir='ltr'><strong>ultimum</strong></span> <span class='ocrx_word' id='word_1_316' title='bbox 1259 4038 1418 4105; x_wconf 75' lang='lat' dir='ltr'><strong>reyni</strong></span> <span class='ocrx_word' id='word_1_317' title='bbox 1441 4038 1561 4090; x_wconf 81' lang='lat' dir='ltr'><strong>eius</strong></span> <span class='ocrx_word' id='word_1_318' title='bbox 1588 4053 1793 4092; x_wconf 77' lang='lat' dir='ltr'><strong>annum</strong></span> <span class='ocrx_word' id='word_1_319' title='bbox 1818 4043 2143 4090; x_wconf 81' lang='lat' dir='ltr'><strong>numeraret.</strong></span> <span class='ocrx_word' id='word_1_320' title='bbox 2256 4036 2309 4101; x_wconf 79' lang='lat'><strong>2)</strong></span> <span class='ocrx_word' id='word_1_321' title='bbox 2347 4036 2694 4089; x_wconf 78' lang='lat' dir='ltr'><strong>Hildibertus</strong></span> 
     </span>
     <span class='ocr_line' id='line_1_49' title="bbox 447 4104 2693 4178; baseline -0.003 -14"><span class='ocrx_word' id='word_1_322' title='bbox 447 4106 808 4178; x_wconf 74' lang='lat' dir='ltr'><strong>Mayontinus</strong></span> <span class='ocrx_word' id='word_1_323' title='bbox 843 4107 1284 4175; x_wconf 75' lang='lat' dir='ltr'><strong>archiepiscopus</strong></span> <span class='ocrx_word' id='word_1_324' title='bbox 1319 4107 1609 4162; x_wconf 70' lang='lat'><strong>927—937.</strong></span> <span class='ocrx_word' id='word_1_325' title='bbox 1764 4108 1819 4171; x_wconf 84' lang='lat'><strong>3)</strong></span> <span class='ocrx_word' id='word_1_326' title='bbox 1883 4106 2196 4172; x_wconf 72' lang='lat' dir='ltr'><strong>Wiyfridus</strong></span> <span class='ocrx_word' id='word_1_327' title='bbox 2230 4105 2372 4158; x_wconf 80' lang='lat' dir='ltr'><strong>sedit</strong></span> <span class='ocrx_word' id='word_1_328' title='bbox 2403 4104 2693 4159; x_wconf 77' lang='lat'><strong>924—953.</strong></span> 
     </span>
     <span class='ocr_line' id='line_1_50' title="bbox 445 4172 2693 4243; baseline -0.003 -10"><span class='ocrx_word' id='word_1_329' title='bbox 445 4180 500 4243; x_wconf 87' lang='lat'><strong>4)</strong></span> <span class='ocrx_word' id='word_1_330' title='bbox 549 4179 796 4233; x_wconf 79' lang='lat' dir='ltr'><strong>Rotberti</strong></span> <span class='ocrx_word' id='word_1_331' title='bbox 827 4175 1220 4243; x_wconf 79' lang='lat' dir='ltr'><strong>archiepiscopi</strong></span> <span class='ocrx_word' id='word_1_332' title='bbox 1252 4175 1555 4239; x_wconf 83' lang='lat'>931—956;</span> <span class='ocrx_word' id='word_1_333' title='bbox 1591 4176 1655 4229; x_wconf 81' lang='lat' dir='ltr'><strong>de</strong></span> <span class='ocrx_word' id='word_1_334' title='bbox 1690 4190 1794 4243; x_wconf 80' lang='lat' dir='ltr'><strong>quo</strong></span> <span class='ocrx_word' id='word_1_335' title='bbox 1831 4173 1900 4237; x_wconf 78' lang='lat' dir='ltr'><strong>cf.</strong></span> <span class='ocrx_word' id='word_1_336' title='bbox 1936 4174 2045 4239; x_wconf 90' lang='lat' dir='ltr'><strong>IV,</strong></span> <span class='ocrx_word' id='word_1_337' title='bbox 2080 4176 2165 4227; x_wconf 86' lang='lat'><strong>31.</strong></span> <span class='ocrx_word' id='word_1_338' title='bbox 2318 4172 2371 4237; x_wconf 79' lang='lat'><strong>5)</strong></span> <span class='ocrx_word' id='word_1_339' title='bbox 2420 4174 2511 4227; x_wconf 71' lang='lat' dir='ltr'><strong>Em</strong></span> <span class='ocrx_word' id='word_1_340' title='bbox 2547 4174 2693 4226; x_wconf 79' lang='lat' dir='ltr'><strong>Ann.</strong></span> 
     </span>
     <span class='ocr_line' id='line_1_51' title="bbox 449 4240 2694 4311; baseline -0.003 -10"><span class='ocrx_word' id='word_1_341' title='bbox 449 4248 732 4311; x_wconf 77' lang='lat' dir='ltr'><strong>Quedlinb.</strong></span> <span class='ocrx_word' id='word_1_342' title='bbox 769 4247 887 4301; x_wconf 85' lang='lat'><strong>936.</strong></span> <span class='ocrx_word' id='word_1_343' title='bbox 1041 4246 1094 4309; x_wconf 90' lang='grc'><strong>6)</strong></span> <span class='ocrx_word' id='word_1_344' title='bbox 1131 4244 1340 4311; x_wconf 83' lang='lat' dir='ltr'><strong>Regum</strong></span> <span class='ocrx_word' id='word_1_345' title='bbox 1377 4244 1637 4298; x_wconf 86' lang='lat' dir='ltr'><strong>maximus</strong></span> <span class='ocrx_word' id='word_1_346' title='bbox 1676 4248 1741 4297; x_wconf 86' lang='lat' dir='ltr'><strong>de</strong></span> <span class='ocrx_word' id='word_1_347' title='bbox 1777 4242 1965 4297; x_wconf 79' lang='lat' dir='ltr'><strong>ottone</strong></span> <span class='ocrx_word' id='word_1_348' title='bbox 2010 4242 2157 4295; x_wconf 82' lang='lat' dir='ltr'><strong>Wid.</strong></span> <span class='ocrx_word' id='word_1_349' title='bbox 2183 4244 2268 4296; x_wconf 90' lang='grc' dir='ltr'><strong>ΙΙ.</strong></span> <span class='ocrx_word' id='word_1_350' title='bbox 2308 4244 2357 4295; x_wconf 94' lang='grc'><strong>1.</strong></span> <span class='ocrx_word' id='word_1_351' title='bbox 2426 4240 2694 4296; x_wconf 78' lang='lat' dir='ltr'><strong>Similiter</strong></span> 
     </span>
     <span class='ocr_line' id='line_1_52' title="bbox 448 4308 2691 4380; baseline -0.002 -11"><span class='ocrx_word' id='word_1_352' title='bbox 448 4318 512 4369; x_wconf 85' lang='lat' dir='ltr'><strong>de</strong></span> <span class='ocrx_word' id='word_1_353' title='bbox 549 4316 812 4369; x_wconf 79' lang='lat' dir='ltr'><strong>Heinrieo</strong></span> <span class='ocrx_word' id='word_1_354' title='bbox 848 4317 900 4380; x_wconf 94' lang='lat' dir='ltr'><strong>I,</strong></span> <span class='ocrx_word' id='word_1_355' title='bbox 937 4316 1019 4368; x_wconf 88' lang='lat'><strong>41.</strong></span> <span class='ocrx_word' id='word_1_356' title='bbox 1089 4314 1158 4369; x_wconf 84' lang='lat' dir='ltr'><strong>L.</strong></span> <span class='ocrx_word' id='word_1_357' title='bbox 1312 4314 1366 4379; x_wconf 89' lang='grc'><strong>7)</strong></span> <span class='ocrx_word' id='word_1_358' title='bbox 1417 4314 1643 4368; x_wconf 77' lang='lat' dir='ltr'><strong>Rectius</strong></span> <span class='ocrx_word' id='word_1_359' title='bbox 1677 4309 1992 4367; x_wconf 83' lang='lat' dir='ltr'><strong>Eadwardi</strong></span> <span class='ocrx_word' id='word_1_360' title='bbox 2024 4310 2339 4375; x_wconf 84' lang='lat'>(901—925)</span> <span class='ocrx_word' id='word_1_361' title='bbox 2374 4308 2507 4375; x_wconf 77' lang='lat' dir='ltr'><strong>filia,</strong></span> <span class='ocrx_word' id='word_1_362' title='bbox 2554 4311 2691 4365; x_wconf 79' lang='lat' dir='ltr'><strong>Eth-</strong></span> 
     </span>
     <span class='ocr_line' id='line_1_53' title="bbox 445 4378 2687 4451; baseline -0.003 -13"><span class='ocrx_word' id='word_1_363' title='bbox 445 4385 640 4438; x_wconf 79' lang='lat' dir='ltr'><strong>mundi</strong></span> <span class='ocrx_word' id='word_1_364' title='bbox 663 4382 974 4449; x_wconf 76' lang='lat'>(940—946)</span> <span class='ocrx_word' id='word_1_365' title='bbox 1003 4398 1156 4436; x_wconf 71' lang='lat' dir='ltr'><strong>soror</strong></span> <span class='ocrx_word' id='word_1_366' title='bbox 1172 4424 1184 4447; x_wconf 93' lang='lat'>,</span> <span class='ocrx_word' id='word_1_367' title='bbox 1224 4399 1380 4451; x_wconf 78' lang='lat' dir='ltr'><strong>quem</strong></span> <span class='ocrx_word' id='word_1_368' title='bbox 1405 4398 1631 4436; x_wconf 79' lang='lat' dir='ltr'><strong>errorem</strong></span> <span class='ocrx_word' id='word_1_369' title='bbox 1658 4382 1809 4435; x_wconf 79' lang='lat' dir='ltr'><strong>debet</strong></span> <span class='ocrx_word' id='word_1_370' title='bbox 1832 4386 2014 4433; x_wconf 66' lang='lat' dir='ltr'><strong>noster</strong></span> <span class='ocrx_word' id='word_1_371' title='bbox 2054 4378 2381 4433; x_wconf 77' lang='lat' dir='ltr'><strong>Widukindo</strong></span> <span class='ocrx_word' id='word_1_372' title='bbox 2408 4380 2459 4442; x_wconf 91' lang='lat' dir='ltr'><strong>I,</strong></span> <span class='ocrx_word' id='word_1_373' title='bbox 2486 4381 2571 4435; x_wconf 85' lang='lat'><strong>37.</strong></span> <span class='ocrx_word' id='word_1_374' title='bbox 2617 4381 2687 4435; x_wconf 89' lang='lat' dir='ltr'><strong>L.</strong></span> 
     </span>
     <span class='ocr_line' id='line_1_54' title="bbox 449 4449 1376 4523; baseline -0.004 -16"><span class='ocrx_word' id='word_1_375' title='bbox 449 4452 533 4523; x_wconf 84' lang='lat' dir='ltr'><strong>Cf.</strong></span> <span class='ocrx_word' id='word_1_376' title='bbox 571 4454 871 4518; x_wconf 69' lang='lat' dir='ltr'><strong>Dilmmler,</strong></span> <span class='ocrx_word' id='word_1_377' title='bbox 909 4449 1050 4506; x_wconf 81' lang='lat' dir='ltr'><em>‘Otto</em></span> <span class='ocrx_word' id='word_1_378' title='bbox 1085 4452 1174 4513; x_wconf 85' lang='lat' dir='ltr'><strong>L’,</strong></span> <span class='ocrx_word' id='word_1_379' title='bbox 1205 4468 1263 4521; x_wconf 79' lang='lat' dir='ltr'><strong>p.</strong></span> <span class='ocrx_word' id='word_1_380' title='bbox 1293 4454 1376 4505; x_wconf 89' lang='lat'><strong>11.</strong></span> 
     </span>
    </p>
   </div>
   <div class='ocr_carea' id='block_1_12' title="bbox 3068 2117 3075 2176">
    <p class='ocr_par' dir='ltr' id='par_1_15' title="bbox 3068 2117 3075 2176">
     <span class='ocr_line' id='line_1_55' title="bbox 3068 2117 3075 2176; baseline 0 0"><span class='ocrx_word' id='word_1_381' title='bbox 3068 2117 3075 2176; x_wconf 61' lang='grc'><strong><em>4</em></strong></span> 
     </span>
    </p>
   </div>
  </div>
 </body>
</html>
