3100 5050
257 1195 418 1261 (995).

221 2659 417 2726 (1006).

237 3167 414 3232 (1009)

225 3237 338 3275 Dec.

247 3357 336 3396 Mai
361 3357 402 3397 8.

237 3235 422 3354 (10133'

457 431 526 486 84
1045 428 1450 485 ΤΗῙΕΤΜΑΒΙ
1486 428 1747 485 ΟΗΒΟΝ.
1818 430 1955 484 LIB.
1990 431 2124 486 1111.

457 583 812 647 matutinae
870 582 1095 648 laudes
1157 583 1661 662 celebrarentur,
1728 585 1952 665 exivit,
2020 584 2398 649 solutionem
2463 583 2707 665 habuit,

458 690 618 735 sana
661 689 878 734 coram
926 670 1097 734 omni
1139 670 1382 753 populo
1426 669 1643 739 rediit.

626 756 728 821 35.
786 756 946 905 (243
1033 755 1190 821 Post
1249 756 1603 821 discessum
1664 761 1878 821 autem
1941 757 2237 822 dominae
2298 757 2501 841 ipsius
2553 756 2709 820 felix

455 861 683 921 comes,
725 861 853 905 non
943 862 978 905 e
1021 843 1257 907 terreni
1304 842 1515 927 operis
1562 863 1715 908 casu
1760 841 2151 926 desperatus,
2198 842 2312 908 sed
2346 844 2414 907 in
2447 842 2707 907 virtutis

454 926 672 991 volatu
717 947 793 992 eo
839 928 976 1011 ipso
1012 926 1399 1007 sublevatus,
1447 935 1657 993 mente
1692 928 2033 1010 disposuit,
2084 935 2153 993 ut
2188 927 2706 993 monasterialem

454 1012 690 1078 *vitam
725 1013 991 1092 subiret,
1037 1013 1240 1078 sicubi
1283 1014 1546 1079 maioris
1591 1014 1999 1080 obedienciae
2044 1014 2329 1098 regulam
2373 1015 2705 1080 inveniret.

455 1100 643 1177 Quod
679 1099 831 1164 dum
869 1100 934 1163 in
972 1100 1236 1163 exordio
1269 1122 1385 1184 per
1419 1099 1842 1165 intentionem
1880 1102 2111 1185 agitur,
2158 1122 2199 1165 a
2236 1101 2435 1165 tercio
2473 1100 2708 1165 Ottone

455 1188 836 1270 imperatore
915 1186 999 1249 ad
1076 1186 1509 1270 episcopatum
1588 1188 2057 1252 Traiectensem
2147 1208 2263 1271 per
2338 1185 2705 1270 Notgerum,

456 1271 682 1337 Leodii
733 1269 1100 1356 pontificem
1119 1274 1167 1351 ¹,
1223 1292 1474 1337 summa
1524 1274 1909 1338 necessitate
1962 1280 2243 1341 vocatur.
2340 1273 2510 1338 Illud
2562 1294 2708 1356 pro-

456 1359 623 1423 fecto
681 1357 832 1422 dum
889 1356 1159 1437 audivit,
1234 1358 1548 1441 capellam
1617 1364 1977 1441 Aquensem
2049 1360 2301 1423 introiit
2364 1366 2429 1424 et
2484 1358 2707 1423 mundi

2736 1032 2757 1057 *
2778 1046 2827 1083 p.
2848 1034 2935 1075 7⁷8.

456 1445 778 1511 dominam
821 1443 1128 1522 exoravit,
1182 1449 1256 1507 ut
1299 1445 1353 1508 si
1398 1450 1569 1509 esset
1620 1466 1661 1509 a
1704 1445 1858 1523 Dec,
1914 1446 2219 1509 canonice
2272 1444 2747 1527 perficeretur,-

457 1534 512 1596 si
547 1552 691 1609 non,
723 1529 1222 1594 misericorditer
1254 1530 1719 1598 annullaretur.
1791 1530 1915 1594 Sed
1949 1537 2293 1613 postquam
2328 1531 2705 1613 Evergerus,

456 1616 852 1681 Coloniensis
897 1615 1436 1700 archiepiscopus,
1483 1614 2033 1699 suffraganeorum
2078 1637 2390 1681 consensu
2434 1618 2705 1701 impera-

455 1704 581 1767 tori
627 1703 875 1786 sibique
909 1704 1013 1766 in⁸
1057 1702 1334 1766 medium
1377 1702 1716 1780 consuluit,
1761 1702 1952 1767 vellet
1986 1702 2185 1766 nollet
2220 1703 2303 1765 ad
2338 1704 2703 1786 episcopum

455 1789 849 1853 acclamatur
861 1786 909 1852 ².
1007 1788 1151 1853 Non
1204 1788 1407 1853 multo
1458 1795 1607 1872 post
1656 1789 1940 1873 quinque
1994 1795 2208 1853 curtes
2263 1788 2341 1853 de
2394 1809 2510 1853 sua
2558 1810 2701 1871 pro-

452 1876 730 1959 prietate
799 1875 988 1939 beato
1050 1874 1330 1939 Martino
1399 1874 1697 1954 tradidit,
1767 1873 1943 1939 fideli
2010 1876 2274 1958 inquam
2342 1872 2704 1939 fideiussori

453 1962 712 2026 talionis
757 1981 997 2026 earum.

624 2048 728 2114 36.
776 2046 852 2110 In
889 2052 1212 2111 senectute
1252 2066 1403 2128 ergo
1442 2066 1580 2128 sua,
1618 2046 2044 2129 caligantibus
2080 2047 2208 2111 iam
2248 2045 2451 2110 oculis
2478 2045 2701 2130 ipsiuS,

450 2133 663 2199 factus
691 2139 790 2197 est
815 2132 1186 2199 monachus,
1239 2131 1664 2216 Septuaginta
1692 2132 1852 2197 duos
1878 2152 2196 2217 pauperes
2221 2132 2483 2216 propria
2508 2152 2702 2196 manu

451 2218 715 2285 cottidie
757 2220 951 2303 pavit.
1057 2217 1315 2283 Illorum
1362 2220 1597 2302 quippe
1640 2217 2118 2297 infirmioribus,
2164 2220 2521 2283 camerario
2561 2240 2703 2303 pre-

454 2306 735 2386 cedente,
783 2326 969 2369 cecus
1015 2306 1152 2389 ipse
1197 2303 1280 2368 ab
1324 2305 1452 2368 imo
1489 2304 1677 2369 vallis
1724 2304 1804 2369 ad
1846 2325 2096 2369 summa
2130 2305 2367 2370 montis
2403 2304 2703 2369 balneum

451 2401 718 2477 portans
753 2390 1129 2475 preparavit
1162 2391 1230 2454 in
1265 2397 1448 2455 nocte
1487 2396 1556 2455 et
1588 2392 1941 2455 mutatoria
1974 2397 2316 2475 ceteraque
2343 2392 2704 2455 necessaria

453 2480 738 2563 corporis
794 2477 1075 2562 prebuit,
1135 2476 1360 2542 iubens
1419 2497 1526 2542 eos
1584 2478 1651 2543 in
1708 2498 1866 2561 pace
1922 2476 2249 2555 recedere,
2309 2482 2382 2542 ut
2438 2478 2531 2542 sic
2584 2498 2703 2542 sua

451 2587 647 2650 opera
717 2564 1099 2630 obnubilare
1160 2563 1417 2628 valeret.
1531 2563 1606 2627 In
1677 2564 1898 2629 eodem
1958 2571 2176 2629 monte
2240 2562 2700 2628 monachorum

455 2651 1009 2734 congregationem
1067 2649 1453 2728 ordinavit3,
1519 2671 1561 2714 a
1620 2671 1891 2732 quorum
1952 2649 2275 2734 prioribus
2336 2650 2545 2733 scopis
2606 2656 2703 2714 est

451 2739 666 2824 sepius
720 2737 1098 2820 castigatuS,
1154 2736 1304 2800 dum
1361 2736 1632 2801 auderet
1680 2737 1981 2801 resistere
2026 2756 2243 2800 eorum
2289 2735 2699 2801 iussionibus„

450 2822 772 2908 Quicquid
831 2823 915 2888 ad
968 2823 1262 2886 ultimum
1317 2823 1653 2903 acquirere
1705 2823 1943 2906 potuit,
2001 2841 2355 2905 pauperum
2406 2821 2702 2886 manibus

449 2911 698 2976 tribuit.
801 2909 1080 2974 Aviculis
1139 2909 1334 2994 etiam
1394 2909 1460 2972 in
1516 2907 1726 2973 hieme
1784 2908 2143 2990 manipulos
2198 2928 2393 2990 super
2441 2907 2700 2972 arbores

451 2997 536 3062 ad
580 2995 1096 3061 manducandum
1142 2995 1377 3060 intuitu
1413 2995 1679 3080 pietatis
1714 2995 1781 3058 in
1816 3001 2031 3059 monte
2066 3015 2181 3058 suo
2217 2995 2493 3076 ponereb
2527 2994 2699 3060 fecit.

458 3082 590 3148 Sub
635 3081 930 3147 clamidis
976 3081 1290 3146 absconso
1337 3083 1637 3146 continue
1684 3080 2074 3145 vestiebatur
2118 3079 2345 3144 cilicio.

621 3169 675 3232 A
727 3169 932 3232 natali
985 3167 1244 3231 Domini
1297 3187 1500 3250 usque
1552 3167 1637 3231 ad
1690 3173 1949 3232 sanctae
2002 3167 2213 3231 crucis
2273 3165 2699 3230 inventionem

452 3253 914 3332 infirmabatur,
958 3274 1085 3336 quo
1129 3253 1439 3336 temporis
1483 3254 1693 3335 spatio
1737 3253 1911 3318 ultra
1954 3259 2085 3317 tres
2127 3273 2327 3336 panes
2361 3273 2488 3317 non
2524 3273 2703 3316 man-

453 3341 728 3406 ducavit.
797 3339 1362 3425 Appropinquante
1397 3340 1528 3403 iam
1566 3340 1779 3404 carnis
1808 3339 1945 3404 eius
1974 3339 2411 3417 dissolutione,
2447 3359 2699 3403 crucem

449 3429 518 3492 in
561 3425 873 3505 fenestra,
927 3447 1093 3508 quae
1147 3425 1235 3490 ibi
1277 3431 1426 3508 post
1469 3425 1918 3509 caligationem
1963 3425 2291 3490 oculorum
2344 3426 2483 3489 eius
2526 3423 2701 3489 facta

452 3513 595 3594 fuit,
641 3512 801 3578 vidit
844 3518 910 3576 et
953 3510 1518 3576 circumstantibus
1565 3533 1633 3576 se
1677 3512 1889 3577 videre
1933 3510 2385 3590 manifestavit,
2431 3510 2701 3576 laudans

452 3600 658 3664 Deum
705 3604 770 3663 et
813 3599 1060 3663 dicens:
1121 3596 1218 3660 ‘In
1263 3597 1536 3662 circuitu
1582 3603 1711 3677 tuo,
1758 3598 2049 3677 Domine,
2104 3598 2315 3662 lumen
2362 3602 2474 3676 est,
2530 3594 2702 3680 quod

451 3705 798 3768 numquam
854 3683 1143 3752 deficiet.’
1240 3683 1520 3748 Tandem
1580 3685 1976 3749 sacrosancti
2024 3685 2240 3749 viatici
2290 3685 2701 3768 perceptione

451 3773 763 3850 munitus,
839 3771 1066 3835 doctus
1118 3776 1256 3835 tota
1307 3771 1755 3852 expectatione
1816 3770 2098 3835 Iudicem
2160 3770 2427 3854 diligere
2487 3776 2699 3853 atque,

453 3865 527 3923 ut
587 3859 682 3923 ita
742 3857 1038 3936 dixerim,
1103 3855 1387 3921 timendo
1438 3856 1922 3938 presencialiter
1972 3857 2230 3921 rennuit
2280 3858 2507 3921 timere
2559 3877 2701 3939 per-

452 3944 815 4028 petualiter.
914 3942 1186 4008 Multum
1238 3943 1306 4006 in
1361 3949 1624 4008 sanctae
1671 3943 1793 4007 Dei
1846 3943 2173 4026 genitricis
2226 3943 2699 4022 intercessione,

453 4054 499 4106 a)
524 4065 563 4096 s.
591 4057 608 4094 ῑ
634 4057 680 4096 in
706 4057 748 4096 2.
851 4053 900 4105 b)
925 4056 1030 4104 poni
1055 4055 1106 4095 Δ.
1129 4055 1174 4094 S.

459 4134 508 4200 1)
559 4136 670 4200 Qui
711 4136 850 4190 sedit
889 4134 992 4189 972
1007 4161 1070 4170 —
1088 4133 1238 4188 1008.
1417 4133 1474 4198 2)
1524 4132 1832 4201 Ansfridus
1876 4133 2163 4200 episcopus
2204 4133 2316 4190 fuit
2354 4132 2456 4187 995
2470 4161 2531 4170 -
2551 4134 2703 4188 1010.

455 4205 544 4259 De
571 4221 631 4258 eo
656 4205 778 4258 vide
804 4205 966 4260 etiam
985 4203 1266 4271 Alpertum
1297 4203 1363 4256 de
1387 4208 1685 4271 temporum
1713 4203 2023 4256 diversitate
2038 4201 2216 4266 (SSJ
2228 4202 2295 4265 V)
2311 4203 2349 4255 I
2347 4241 2364 4268 ,
2392 4203 2591 4256 11—15.
2631 4202 2700 4256 L.

454 4273 510 4338 3)
544 4275 617 4326 In
653 4275 790 4340 loce,
840 4273 930 4328 cui
960 4287 1152 4326 nomen
1188 4277 1306 4326 erat
1339 4271 1606 4340 Hohor3t‚
1637 4278 1827 4339 postea
1863 4271 2267 4340 Heiliyenberq,
2310 4286 2483 4338 prope
2515 4271 2700 4324 urbem

455 4343 826 4408 Amerst'oort;
882 4340 954 4408 cf.
998 4342 1245 4396 chwrtam
1273 4341 1632 4405 fundationis
1676 4358 1727 4394 a.
1765 4341 1898 4394 1006
1943 4340 2083 4394 Nov.
2112 4341 2177 4394 16
2221 4341 2406 4394 datam
2448 4343 2506 4394 in
2548 4341 2702 4395 Actis

455 4410 640 4464 Sanct.
671 4411 800 4464 Mai
830 4412 878 4470 Ι,
915 4411 1033 4465 430.
1102 4410 1173 4462 In
1209 4411 1310 4464 hoc
1341 4411 1665 4464 monasterio
1694 4408 1953 4475 Alpa-tus
1986 4421 2126 4476 opus
2160 4409 2301 4464 alud
2330 4409 2699 4464 videtui-‘con-

455 4479 771 4548 θώρακα
808 4479 878 4548 cf.
927 4479 1300 4544 Waltenbach,
1337 4477 1776 4546 ‘Geschichtsqu.'
1811 4474 1885 4530 41
1884 4518 1899 4545 ,
1936 4479 2053 4534 303.
