<?xml version="1.0" encoding="UTF-8"?>
<!DOCTYPE html PUBLIC "-//W3C//DTD XHTML 1.0 Transitional//EN"
    "http://www.w3.org/TR/xhtml1/DTD/xhtml1-transitional.dtd">
<html xmlns="http://www.w3.org/1999/xhtml" xml:lang="en" lang="en">
 <head>
  <title>
</title>
<meta http-equiv="Content-Type" content="text/html;charset=utf-8" />
  <meta name='ocr-system' content='tesseract 3.04.00' />
  <meta name='ocr-capabilities' content='ocr_page ocr_carea ocr_par ocr_line ocrx_word'/>
</head>
<body>
  <div class='ocr_page' id='page_1' title='image "./thietmarimerseb00lappgoog_0191.png"; bbox 0 0 3100 5050; ppageno 0'>
   <div class='ocr_carea' id='block_1_1' title="bbox 911 428 2651 495">
    <p class='ocr_par' dir='ltr' id='par_1_1' title="bbox 911 428 2651 495">
     <span class='ocr_line' id='line_1_1' title="bbox 911 428 2651 495; baseline -0.001 -10"><span class='ocrx_word' id='word_1_1' title='bbox 911 428 1317 485; x_wconf 84' lang='grc' dir='ltr'><strong>ΤΗΙΕΤΜΑΒΙ</strong></span> <span class='ocrx_word' id='word_1_2' title='bbox 1351 428 1617 485; x_wconf 83' lang='lat' dir='ltr'><strong>CHRON.</strong></span> <span class='ocrx_word' id='word_1_3' title='bbox 1684 428 1825 485; x_wconf 86' lang='lat' dir='ltr'><strong>LIB.</strong></span> <span class='ocrx_word' id='word_1_4' title='bbox 1858 429 1969 484; x_wconf 83' lang='lat' dir='ltr'><strong>VH</strong></span> <span class='ocrx_word' id='word_1_5' title='bbox 2004 429 2143 495; x_wconf 81' lang='lat' dir='ltr'><strong>(VI).</strong></span> <span class='ocrx_word' id='word_1_6' title='bbox 2554 429 2651 485; x_wconf 85' lang='lat'><strong>171</strong></span> 
     </span>
    </p>
   </div>
   <div class='ocr_carea' id='block_1_2' title="bbox 121 580 2876 4356">
    <p class='ocr_par' dir='ltr' id='par_1_2' title="bbox 395 580 2864 1605">
     <span class='ocr_line' id='line_1_2' title="bbox 399 580 2823 661; baseline -0.002 -11"><span class='ocrx_word' id='word_1_7' title='bbox 399 584 768 651; x_wconf 88' lang='lat' dir='ltr'><strong>acciderant</strong></span> <span class='ocrx_word' id='word_1_8' title='bbox 827 583 1024 661; x_wconf 91' lang='lat' dir='ltr'><strong>mala,</strong></span> <span class='ocrx_word' id='word_1_9' title='bbox 1109 583 1425 647; x_wconf 89' lang='lat' dir='ltr'><strong>indicaret</strong></span> <span class='ocrx_word' id='word_1_10' title='bbox 1500 589 1569 648; x_wconf 92' lang='lat' dir='ltr'><strong>et</strong></span> <span class='ocrx_word' id='word_1_11' title='bbox 1625 582 2019 647; x_wconf 88' lang='lat' dir='ltr'><strong>voluntatem</strong></span> <span class='ocrx_word' id='word_1_12' title='bbox 2078 603 2261 647; x_wconf 90' lang='lat' dir='ltr'><strong>suam</strong></span> <span class='ocrx_word' id='word_1_13' title='bbox 2329 582 2399 648; x_wconf 88' lang='lat' dir='ltr'><strong>in</strong></span> <span class='ocrx_word' id='word_1_14' title='bbox 2457 580 2651 647; x_wconf 85' lang='lat' dir='ltr'><strong>rebus</strong></span> <span class='ocrx_word' id='word_1_15' title='bbox 2689 592 2823 647; x_wconf 83' lang='lat'>1012</span> 
     </span>
     <span class='ocr_line' id='line_1_3' title="bbox 400 658 2864 754; baseline -0.001 -19"><span class='ocrx_word' id='word_1_16' title='bbox 400 669 711 736; x_wconf 81' lang='lat' dir='ltr'><strong>faciendis</strong></span> <span class='ocrx_word' id='word_1_17' title='bbox 780 669 1156 754; x_wconf 82' lang='lat' dir='ltr'><strong>inquireret.</strong></span> <span class='ocrx_word' id='word_1_18' title='bbox 1271 669 1358 734; x_wconf 89' lang='lat' dir='ltr'><strong>Et</strong></span> <span class='ocrx_word' id='word_1_19' title='bbox 1424 668 1530 733; x_wconf 90' lang='lat' dir='ltr'><strong>hic</strong></span> <span class='ocrx_word' id='word_1_20' title='bbox 1600 667 1686 733; x_wconf 90' lang='lat' dir='ltr'><strong>ad</strong></span> <span class='ocrx_word' id='word_1_21' title='bbox 1756 688 1871 732; x_wconf 89' lang='lat' dir='ltr'><strong>nos</strong></span> <span class='ocrx_word' id='word_1_22' title='bbox 1930 666 2238 733; x_wconf 90' lang='lat' dir='ltr'><strong>Hericum</strong></span> <span class='ocrx_word' id='word_1_23' title='bbox 2300 668 2652 733; x_wconf 77' lang='lat' dir='ltr'><strong>antistitem</strong></span> <span class='ocrx_word' id='word_1_24' title='bbox 2680 658 2780 699; x_wconf 75' lang='lat'><strong>¹⁰¹¹·</strong></span> <span class='ocrx_word' id='word_1_25' title='bbox 2796 660 2864 699; x_wconf 80' lang='lat'><strong>¹²·</strong></span> 
     </span>
     <span class='ocr_line' id='line_1_4' title="bbox 403 752 2655 834; baseline -0.003 -11"><span class='ocrx_word' id='word_1_26' title='bbox 403 757 602 834; x_wconf 82' lang='lat' dir='ltr'><strong>misit,</strong></span> <span class='ocrx_word' id='word_1_27' title='bbox 667 762 738 820; x_wconf 89' lang='lat' dir='ltr'><strong>ut</strong></span> <span class='ocrx_word' id='word_1_28' title='bbox 797 756 1027 821; x_wconf 84' lang='lat' dir='ltr'><strong>electio</strong></span> <span class='ocrx_word' id='word_1_29' title='bbox 1089 776 1130 819; x_wconf 88' lang='lat' dir='ltr'><strong>a</strong></span> <span class='ocrx_word' id='word_1_30' title='bbox 1189 754 1377 819; x_wconf 84' lang='lat' dir='ltr'><strong>nobis</strong></span> <span class='ocrx_word' id='word_1_31' title='bbox 1437 775 1567 819; x_wconf 88' lang='lat' dir='ltr'><strong>non</strong></span> <span class='ocrx_word' id='word_1_32' title='bbox 1627 752 1769 832; x_wconf 88' lang='lat' dir='ltr'><strong>fiat,</strong></span> <span class='ocrx_word' id='word_1_33' title='bbox 1832 752 1946 818; x_wconf 89' lang='lat' dir='ltr'><strong>sed</strong></span> <span class='ocrx_word' id='word_1_34' title='bbox 2006 760 2258 819; x_wconf 89' lang='lat' dir='ltr'><strong>tantum</strong></span> <span class='ocrx_word' id='word_1_35' title='bbox 2311 774 2655 819; x_wconf 78' lang='lat' dir='ltr'><strong>consensus</strong></span> 
     </span>
     <span class='ocr_line' id='line_1_5' title="bbox 400 838 2654 921; baseline -0.001 -14"><span class='ocrx_word' id='word_1_36' title='bbox 400 842 720 907; x_wconf 84' lang='lat' dir='ltr'><strong>unanimis</strong></span> <span class='ocrx_word' id='word_1_37' title='bbox 773 848 839 905; x_wconf 89' lang='lat' dir='ltr'><strong>et</strong></span> <span class='ocrx_word' id='word_1_38' title='bbox 891 841 994 905; x_wconf 90' lang='lat' dir='ltr'><strong>hic</strong></span> <span class='ocrx_word' id='word_1_39' title='bbox 1045 840 1367 905; x_wconf 89' lang='lat' dir='ltr'><strong>indicetur</strong></span> <span class='ocrx_word' id='word_1_40' title='bbox 1419 840 1497 905; x_wconf 91' lang='lat' dir='ltr'><strong>ei.</strong></span> <span class='ocrx_word' id='word_1_41' title='bbox 1595 838 1780 904; x_wconf 88' lang='lat' dir='ltr'><strong>Nunc</strong></span> <span class='ocrx_word' id='word_1_42' title='bbox 1836 846 2050 904; x_wconf 89' lang='lat' dir='ltr'><strong>autem</strong></span> <span class='ocrx_word' id='word_1_43' title='bbox 2106 840 2391 905; x_wconf 89' lang='lat' dir='ltr'><strong>omnium</strong></span> <span class='ocrx_word' id='word_1_44' title='bbox 2445 840 2654 921; x_wconf 90' lang='lat' dir='ltr'><strong>pietas</strong></span> 
     </span>
     <span class='ocr_line' id='line_1_6' title="bbox 395 924 2654 1013; baseline -0 -21"><span class='ocrx_word' id='word_1_45' title='bbox 395 928 788 1013; x_wconf 87' lang='lat' dir='ltr'><strong>presentium</strong></span> <span class='ocrx_word' id='word_1_46' title='bbox 836 948 952 1001; x_wconf 89' lang='lat' dir='ltr'><strong>me,</strong></span> <span class='ocrx_word' id='word_1_47' title='bbox 998 926 1290 1010; x_wconf 88' lang='lat' dir='ltr'><strong>quamvis</strong></span> <span class='ocrx_word' id='word_1_48' title='bbox 1332 924 1418 989; x_wconf 93' lang='lat' dir='ltr'><strong>ad</strong></span> <span class='ocrx_word' id='word_1_49' title='bbox 1461 925 1585 990; x_wconf 90' lang='lat' dir='ltr'><strong>hoc</strong></span> <span class='ocrx_word' id='word_1_50' title='bbox 1628 924 1977 1008; x_wconf 84' lang='lat' dir='ltr'><strong>indignum,</strong></span> <span class='ocrx_word' id='word_1_51' title='bbox 2031 925 2334 1001; x_wconf 81' lang='lat' dir='ltr'><strong>decernit,</strong></span> <span class='ocrx_word' id='word_1_52' title='bbox 2378 926 2435 989; x_wconf 91' lang='lat' dir='ltr'><strong>si</strong></span> <span class='ocrx_word' id='word_1_53' title='bbox 2485 926 2654 991; x_wconf 89' lang='lat' dir='ltr'><strong>Deus</strong></span> 
     </span>
     <span class='ocr_line' id='line_1_7' title="bbox 397 1010 2651 1095; baseline -0.002 -16"><span class='ocrx_word' id='word_1_54' title='bbox 397 1014 716 1079; x_wconf 85' lang='lat' dir='ltr'><strong>consentit</strong></span> <span class='ocrx_word' id='word_1_55' title='bbox 770 1017 836 1077; x_wconf 91' lang='lat' dir='ltr'><strong>et</strong></span> <span class='ocrx_word' id='word_1_56' title='bbox 893 1014 950 1076; x_wconf 91' lang='lat' dir='ltr'><strong>si</strong></span> <span class='ocrx_word' id='word_1_57' title='bbox 1006 1011 1143 1078; x_wconf 88' lang='lat' dir='ltr'><strong>vult</strong></span> <span class='ocrx_word' id='word_1_58' title='bbox 1196 1011 1349 1080; x_wconf 62' lang='lat' dir='ltr'><strong>rex)</strong></span> <span class='ocrx_word' id='word_1_59' title='bbox 1462 1011 1585 1077; x_wconf 88' lang='lat' dir='ltr'><strong>Cui</strong></span> <span class='ocrx_word' id='word_1_60' title='bbox 1641 1012 1735 1075; x_wconf 88' lang='lat' dir='ltr'><strong>sic</strong></span> <span class='ocrx_word' id='word_1_61' title='bbox 1800 1012 2093 1093; x_wconf 91' lang='lat' dir='ltr'><strong>protinus</strong></span> <span class='ocrx_word' id='word_1_62' title='bbox 2159 1010 2651 1095; x_wconf 78' lang='lat' dir='ltr'><strong>respondebam:</strong></span> 
     </span>
     <span class='ocr_line' id='line_1_8' title="bbox 399 1095 2654 1180; baseline -0.002 -15"><span class='ocrx_word' id='word_1_63' title='bbox 399 1098 575 1165; x_wconf 90' lang='lat' dir='ltr'><strong>‘Sum</strong></span> <span class='ocrx_word' id='word_1_64' title='bbox 631 1119 798 1164; x_wconf 90' lang='lat' dir='ltr'><strong>unus</strong></span> <span class='ocrx_word' id='word_1_65' title='bbox 857 1119 937 1163; x_wconf 87' lang='lat' dir='ltr'><strong>ex</strong></span> <span class='ocrx_word' id='word_1_66' title='bbox 992 1098 1119 1174; x_wconf 83' lang='lat' dir='ltr'><strong>his,</strong></span> <span class='ocrx_word' id='word_1_67' title='bbox 1183 1098 1298 1180; x_wconf 89' lang='lat' dir='ltr'><strong>qui</strong></span> <span class='ocrx_word' id='word_1_68' title='bbox 1354 1096 1683 1163; x_wconf 86' lang='lat' dir='ltr'><strong>electionis</strong></span> <span class='ocrx_word' id='word_1_69' title='bbox 1740 1095 1932 1161; x_wconf 89' lang='lat' dir='ltr'><strong>huius</strong></span> <span class='ocrx_word' id='word_1_70' title='bbox 1998 1116 2077 1161; x_wconf 87' lang='lat' dir='ltr'><strong>ac</strong></span> <span class='ocrx_word' id='word_1_71' title='bbox 2142 1096 2654 1162; x_wconf 85' lang='lat' dir='ltr'><strong>consecracionis</strong></span> 
     </span>
     <span class='ocr_line' id='line_1_9' title="bbox 395 1181 2655 1270; baseline -0.002 -20"><span class='ocrx_word' id='word_1_72' title='bbox 395 1185 746 1270; x_wconf 82' lang='lat' dir='ltr'><strong>participes</strong></span> <span class='ocrx_word' id='word_1_73' title='bbox 799 1204 939 1249; x_wconf 91' lang='lat' dir='ltr'><strong>esse</strong></span> <span class='ocrx_word' id='word_1_74' title='bbox 993 1183 1248 1261; x_wconf 81' lang='lat' dir='ltr'><strong>debent3</strong></span> <span class='ocrx_word' id='word_1_75' title='bbox 1304 1190 1370 1249; x_wconf 88' lang='lat' dir='ltr'><strong>et</strong></span> <span class='ocrx_word' id='word_1_76' title='bbox 1419 1183 1541 1248; x_wconf 93' lang='lat' dir='ltr'><strong>hoc</strong></span> <span class='ocrx_word' id='word_1_77' title='bbox 1601 1181 1777 1247; x_wconf 88' lang='lat' dir='ltr'><strong>vobis</strong></span> <span class='ocrx_word' id='word_1_78' title='bbox 1830 1181 2165 1247; x_wconf 89' lang='lat' dir='ltr'><strong>consilium</strong></span> <span class='ocrx_word' id='word_1_79' title='bbox 2218 1181 2303 1247; x_wconf 89' lang='lat' dir='ltr'><strong>do</strong></span> <span class='ocrx_word' id='word_1_80' title='bbox 2362 1202 2441 1247; x_wconf 90' lang='lat' dir='ltr'><strong>ac</strong></span> <span class='ocrx_word' id='word_1_81' title='bbox 2492 1181 2655 1246; x_wconf 87' lang='lat' dir='ltr'><strong>illud</strong></span> 
     </span>
     <span class='ocr_line' id='line_1_10' title="bbox 397 1267 2651 1353; baseline -0.001 -18"><span class='ocrx_word' id='word_1_82' title='bbox 397 1271 726 1348; x_wconf 88' lang='lat' dir='ltr'><strong>adiuvare,</strong></span> <span class='ocrx_word' id='word_1_83' title='bbox 778 1270 847 1334; x_wconf 91' lang='lat' dir='ltr'><strong>in</strong></span> <span class='ocrx_word' id='word_1_84' title='bbox 893 1278 1201 1353; x_wconf 89' lang='lat' dir='ltr'><strong>quantum</strong></span> <span class='ocrx_word' id='word_1_85' title='bbox 1248 1288 1526 1351; x_wconf 87' lang='lat' dir='ltr'><strong>possum,</strong></span> <span class='ocrx_word' id='word_1_86' title='bbox 1575 1269 1741 1335; x_wconf 78' lang='lat' dir='ltr'><strong>volo,</strong></span> <span class='ocrx_word' id='word_1_87' title='bbox 1830 1267 2059 1333; x_wconf 89' lang='lat' dir='ltr'><strong>Senior</strong></span> <span class='ocrx_word' id='word_1_88' title='bbox 2102 1288 2283 1333; x_wconf 90' lang='lat' dir='ltr'><strong>meus</strong></span> <span class='ocrx_word' id='word_1_89' title='bbox 2328 1268 2651 1351; x_wconf 77' lang='lat' dir='ltr'><strong>imperet⁸‚</strong></span> 
     </span>
     <span class='ocr_line' id='line_1_11' title="bbox 398 1353 2655 1441; baseline -0.001 -21"><span class='ocrx_word' id='word_1_90' title='bbox 398 1356 570 1441; x_wconf 89' lang='lat' dir='ltr'><strong>quod</strong></span> <span class='ocrx_word' id='word_1_91' title='bbox 595 1356 775 1434; x_wconf 86' lang='lat' dir='ltr'><strong>velit;</strong></span> <span class='ocrx_word' id='word_1_92' title='bbox 814 1376 924 1420; x_wconf 88' lang='lat' dir='ltr'><strong>vos</strong></span> <span class='ocrx_word' id='word_1_93' title='bbox 961 1362 1194 1431; x_wconf 89' lang='lat' dir='ltr'><strong>autem,</strong></span> <span class='ocrx_word' id='word_1_94' title='bbox 1231 1353 1406 1438; x_wconf 89' lang='lat' dir='ltr'><strong>quod</strong></span> <span class='ocrx_word' id='word_1_95' title='bbox 1437 1355 1779 1438; x_wconf 82' lang='lat' dir='ltr'><strong>accepistis</strong></span> <span class='ocrx_word' id='word_1_96' title='bbox 1804 1374 1847 1417; x_wconf 90' lang='lat' dir='ltr'><strong>a</strong></span> <span class='ocrx_word' id='word_1_97' title='bbox 1874 1353 2006 1417; x_wconf 93' lang='lat' dir='ltr'><strong>Deo</strong></span> <span class='ocrx_word' id='word_1_98' title='bbox 2042 1359 2109 1418; x_wconf 92' lang='lat' dir='ltr'><strong>et</strong></span> <span class='ocrx_word' id='word_1_99' title='bbox 2142 1353 2655 1419; x_wconf 79' lang='lat' dir='ltr'><strong>antecessoribus</strong></span> 
     </span>
     <span class='ocr_line' id='line_1_12' title="bbox 399 1438 2655 1525; baseline -0.001 -19"><span class='ocrx_word' id='word_1_100' title='bbox 399 1442 560 1523; x_wconf 88' lang='lat' dir='ltr'><strong>suis,</strong></span> <span class='ocrx_word' id='word_1_101' title='bbox 615 1440 822 1505; x_wconf 88' lang='lat' dir='ltr'><strong>videte</strong></span> <span class='ocrx_word' id='word_1_102' title='bbox 881 1461 963 1505; x_wconf 89' lang='lat' dir='ltr'><strong>ne</strong></span> <span class='ocrx_word' id='word_1_103' title='bbox 1021 1440 1326 1525; x_wconf 68' lang='lat' dir='ltr'><strong>perdatis</strong></span> <span class='ocrx_word' id='word_1_104' title='bbox 1432 1441 1523 1505; x_wconf 89' lang='lat' dir='ltr'><strong>Te</strong></span> <span class='ocrx_word' id='word_1_105' title='bbox 1581 1447 1798 1505; x_wconf 89' lang='lat' dir='ltr'><strong>autem</strong></span> <span class='ocrx_word' id='word_1_106' title='bbox 1862 1438 2124 1504; x_wconf 89' lang='lat' dir='ltr'><strong>fratrem</strong></span> <span class='ocrx_word' id='word_1_107' title='bbox 2185 1440 2431 1523; x_wconf 88' lang='lat' dir='ltr'><strong>primus</strong></span> <span class='ocrx_word' id='word_1_108' title='bbox 2489 1439 2655 1522; x_wconf 81' lang='lat' dir='ltr'><strong>eligo</strong></span> 
     </span>
     <span class='ocr_line' id='line_1_13' title="bbox 399 1525 2655 1605; baseline -0.001 -13"><span class='ocrx_word' id='word_1_109' title='bbox 399 1527 557 1592; x_wconf 89' lang='lat' dir='ltr'><strong>mihi</strong></span> <span class='ocrx_word' id='word_1_110' title='bbox 599 1526 684 1592; x_wconf 88' lang='lat' dir='ltr'><strong>ad</strong></span> <span class='ocrx_word' id='word_1_111' title='bbox 728 1525 1288 1605; x_wconf 78' lang='lat' dir='ltr'><strong>archiantistitem,</strong></span> <span class='ocrx_word' id='word_1_112' title='bbox 1333 1546 1460 1590; x_wconf 88' lang='lat' dir='ltr'><strong>non</strong></span> <span class='ocrx_word' id='word_1_113' title='bbox 1503 1525 1785 1592; x_wconf 82' lang='lat' dir='ltr'><strong>karitate</strong></span> <span class='ocrx_word' id='word_1_114' title='bbox 1830 1532 1961 1597; x_wconf 84' lang='lat' dir='ltr'><strong>tua,</strong></span> <span class='ocrx_word' id='word_1_115' title='bbox 2008 1525 2123 1590; x_wconf 92' lang='lat' dir='ltr'><strong>sed</strong></span> <span class='ocrx_word' id='word_1_116' title='bbox 2162 1525 2445 1590; x_wconf 88' lang='lat' dir='ltr'><strong>utilitate</strong></span> <span class='ocrx_word' id='word_1_117' title='bbox 2482 1532 2655 1589; x_wconf 87' lang='lat' dir='ltr'><strong>certa</strong></span> 
     </span>
    </p>

    <p class='ocr_par' dir='ltr' id='par_1_3' title="bbox 123 1610 2659 2640">
     <span class='ocr_line' id='line_1_14' title="bbox 123 1610 2657 1702; baseline -0.001 -24"><span class='ocrx_word' id='word_1_118' title='bbox 123 1638 152 1663; x_wconf 81' lang='lat'><strong><em>*</em></strong></span> <span class='ocrx_word' id='word_1_119' title='bbox 172 1611 487 1702; x_wconf 75' lang='lat' dir='ltr'><strong>soz.12⁶.[in</strong></span> <span class='ocrx_word' id='word_1_120' title='bbox 549 1619 614 1678; x_wconf 89' lang='lat' dir='ltr'><strong>te</strong></span> <span class='ocrx_word' id='word_1_121' title='bbox 683 1611 952 1700; x_wconf 88' lang='lat' dir='ltr'><strong>agnita];</strong></span> <span class='ocrx_word' id='word_1_122' title='bbox 1026 1619 1092 1678; x_wconf 92' lang='lat' dir='ltr'><strong>et</strong></span> <span class='ocrx_word' id='word_1_123' title='bbox 1159 1610 1588 1694; x_wconf 84' lang='lat' dir='ltr'><strong>presen*cium</strong></span> <span class='ocrx_word' id='word_1_124' title='bbox 1658 1618 1934 1677; x_wconf 87' lang='lat' dir='ltr'><strong>mentem</strong></span> <span class='ocrx_word' id='word_1_125' title='bbox 2003 1632 2175 1676; x_wconf 90' lang='lat' dir='ltr'><strong>nunc</strong></span> <span class='ocrx_word' id='word_1_126' title='bbox 2246 1610 2657 1695; x_wconf 86' lang='lat' dir='ltr'><strong>singulariter</strong></span> 
     </span>
     <span class='ocr_line' id='line_1_15' title="bbox 397 1696 2649 1782; baseline -0.002 -17"><span class='ocrx_word' id='word_1_127' title='bbox 397 1699 562 1765; x_wconf 85' lang='lat' dir='ltr'><strong>scire</strong></span> <span class='ocrx_word' id='word_1_128' title='bbox 623 1697 960 1765; x_wconf 89' lang='lat' dir='ltr'><strong>desidero.’</strong></span> <span class='ocrx_word' id='word_1_129' title='bbox 1075 1700 1130 1762; x_wconf 88' lang='lat' dir='ltr'>A</span> <span class='ocrx_word' id='word_1_130' title='bbox 1192 1697 1426 1781; x_wconf 87' lang='lat' dir='ltr'><strong>quibus</strong></span> <span class='ocrx_word' id='word_1_131' title='bbox 1483 1696 1606 1761; x_wconf 91' lang='lat' dir='ltr'><strong>hoc</strong></span> <span class='ocrx_word' id='word_1_132' title='bbox 1664 1716 1861 1761; x_wconf 88' lang='lat' dir='ltr'><strong>unum</strong></span> <span class='ocrx_word' id='word_1_133' title='bbox 1930 1696 2189 1782; x_wconf 89' lang='lat' dir='ltr'><strong>percepi</strong></span> <span class='ocrx_word' id='word_1_134' title='bbox 2249 1717 2649 1781; x_wconf 83' lang='lat' dir='ltr'><strong>responsum:</strong></span> 
     </span>
     <span class='ocr_line' id='line_1_16' title="bbox 399 1782 2654 1866; baseline -0.001 -17"><span class='ocrx_word' id='word_1_135' title='bbox 399 1784 844 1851; x_wconf 85' lang='lat' dir='ltr'><strong>‘Waltterdum</strong></span> <span class='ocrx_word' id='word_1_136' title='bbox 889 1783 1077 1849; x_wconf 91' lang='lat' dir='ltr'><strong>nobis</strong></span> <span class='ocrx_word' id='word_1_137' title='bbox 1122 1784 1190 1847; x_wconf 91' lang='lat' dir='ltr'><strong>in</strong></span> <span class='ocrx_word' id='word_1_138' title='bbox 1232 1782 1566 1847; x_wconf 90' lang='lat' dir='ltr'><strong>dominum</strong></span> <span class='ocrx_word' id='word_1_139' title='bbox 1612 1790 1679 1847; x_wconf 89' lang='lat' dir='ltr'><strong>et</strong></span> <span class='ocrx_word' id='word_1_140' title='bbox 1724 1782 2263 1848; x_wconf 85' lang='lat' dir='ltr'><strong>archiantistitem</strong></span> <span class='ocrx_word' id='word_1_141' title='bbox 2316 1782 2654 1866; x_wconf 62' lang='lat' dir='ltr'><strong>eligimus)</strong></span> 
     </span>
     <span class='ocr_line' id='line_1_17' title="bbox 396 1868 2657 1951; baseline -0.002 -14"><span class='ocrx_word' id='word_1_142' title='bbox 396 1870 514 1936; x_wconf 90' lang='lat' dir='ltr'><strong>His</strong></span> <span class='ocrx_word' id='word_1_143' title='bbox 556 1878 712 1937; x_wconf 89' lang='lat' dir='ltr'><strong>tunc</strong></span> <span class='ocrx_word' id='word_1_144' title='bbox 756 1868 1149 1935; x_wconf 88' lang='lat' dir='ltr'><strong>confirmatis</strong></span> <span class='ocrx_word' id='word_1_145' title='bbox 1193 1869 1304 1933; x_wconf 92' lang='lat' dir='ltr'><strong>ille</strong></span> <span class='ocrx_word' id='word_1_146' title='bbox 1340 1868 1625 1933; x_wconf 84' lang='lat' dir='ltr'><strong>surrexit</strong></span> <span class='ocrx_word' id='word_1_147' title='bbox 1658 1874 1725 1932; x_wconf 91' lang='lat' dir='ltr'><strong>et</strong></span> <span class='ocrx_word' id='word_1_148' title='bbox 1758 1888 1974 1933; x_wconf 87' lang='lat' dir='ltr'><strong>coram</strong></span> <span class='ocrx_word' id='word_1_149' title='bbox 2009 1873 2371 1951; x_wconf 87' lang='lat' dir='ltr'><strong>prostratus</strong></span> <span class='ocrx_word' id='word_1_150' title='bbox 2406 1868 2657 1934; x_wconf 90' lang='lat' dir='ltr'><strong>veniam</strong></span> 
     </span>
     <span class='ocr_line' id='line_1_18' title="bbox 394 1953 2657 2042; baseline -0.002 -20"><span class='ocrx_word' id='word_1_151' title='bbox 394 1958 601 2042; x_wconf 89' lang='lat' dir='ltr'><strong>petiit,</strong></span> <span class='ocrx_word' id='word_1_152' title='bbox 653 1956 936 2020; x_wconf 89' lang='lat' dir='ltr'><strong>divinam</strong></span> <span class='ocrx_word' id='word_1_153' title='bbox 981 1954 1398 2036; x_wconf 86' lang='lat' dir='ltr'><strong>interpellans</strong></span> <span class='ocrx_word' id='word_1_154' title='bbox 1442 1954 1764 2038; x_wconf 89' lang='lat' dir='ltr'><strong>pietatem,</strong></span> <span class='ocrx_word' id='word_1_155' title='bbox 1818 1961 1891 2018; x_wconf 93' lang='lat' dir='ltr'><strong>ut</strong></span> <span class='ocrx_word' id='word_1_156' title='bbox 1934 1953 2092 2019; x_wconf 89' lang='lat' dir='ltr'><strong>haec</strong></span> <span class='ocrx_word' id='word_1_157' title='bbox 2133 1954 2320 2019; x_wconf 89' lang='lat' dir='ltr'><strong>nobis</strong></span> <span class='ocrx_word' id='word_1_158' title='bbox 2364 1953 2657 2019; x_wconf 86' lang='lat' dir='ltr'><strong>omnibus</strong></span> 
     </span>
     <span class='ocr_line' id='line_1_19' title="bbox 396 2039 2655 2123; baseline 0 -16"><span class='ocrx_word' id='word_1_159' title='bbox 396 2042 756 2107; x_wconf 89' lang='lat' dir='ltr'><strong>retribuere</strong></span> <span class='ocrx_word' id='word_1_160' title='bbox 811 2040 1212 2123; x_wconf 88' lang='lat' dir='ltr'><strong>dignaretur,</strong></span> <span class='ocrx_word' id='word_1_161' title='bbox 1269 2046 1333 2104; x_wconf 90' lang='lat' dir='ltr'><strong>et</strong></span> <span class='ocrx_word' id='word_1_162' title='bbox 1383 2060 1424 2104; x_wconf 88' lang='lat' dir='ltr'><strong>a</strong></span> <span class='ocrx_word' id='word_1_163' title='bbox 1475 2060 1596 2104; x_wconf 89' lang='lat' dir='ltr'><strong>sua</strong></span> <span class='ocrx_word' id='word_1_164' title='bbox 1638 2048 1824 2123; x_wconf 91' lang='lat' dir='ltr'><strong>parte</strong></span> <span class='ocrx_word' id='word_1_165' title='bbox 1875 2039 2046 2105; x_wconf 88' lang='lat' dir='ltr'><strong>bona</strong></span> <span class='ocrx_word' id='word_1_166' title='bbox 2088 2040 2381 2122; x_wconf 88' lang='lat' dir='ltr'><strong>promisit</strong></span> <span class='ocrx_word' id='word_1_167' title='bbox 2423 2040 2655 2107; x_wconf 89' lang='lat' dir='ltr'><strong>omnia.</strong></span> 
     </span>
     <span class='ocr_line' id='line_1_20' title="bbox 399 2126 2659 2209; baseline -0 -17"><span class='ocrx_word' id='word_1_168' title='bbox 399 2128 578 2192; x_wconf 89' lang='lat' dir='ltr'><strong>Tunc</strong></span> <span class='ocrx_word' id='word_1_169' title='bbox 630 2146 747 2209; x_wconf 90' lang='lat' dir='ltr'><strong>ego</strong></span> <span class='ocrx_word' id='word_1_170' title='bbox 799 2146 902 2191; x_wconf 89' lang='lat' dir='ltr'><strong>me</strong></span> <span class='ocrx_word' id='word_1_171' title='bbox 954 2126 1271 2190; x_wconf 89' lang='lat' dir='ltr'><strong>inclinans</strong></span> <span class='ocrx_word' id='word_1_172' title='bbox 1325 2126 1546 2208; x_wconf 88' lang='lat' dir='ltr'><strong>rogavi</strong></span> <span class='ocrx_word' id='word_1_173' title='bbox 1608 2146 1751 2191; x_wconf 90' lang='lat' dir='ltr'><strong>eum</strong></span> <span class='ocrx_word' id='word_1_174' title='bbox 1812 2146 1928 2209; x_wconf 91' lang='lat' dir='ltr'><strong>per</strong></span> <span class='ocrx_word' id='word_1_175' title='bbox 1987 2146 2220 2191; x_wconf 91' lang='lat' dir='ltr'><strong>nomen</strong></span> <span class='ocrx_word' id='word_1_176' title='bbox 2272 2126 2535 2191; x_wconf 90' lang='lat' dir='ltr'><strong>Domini</strong></span> <span class='ocrx_word' id='word_1_177' title='bbox 2594 2132 2659 2191; x_wconf 89' lang='lat' dir='ltr'><strong>et</strong></span> 
     </span>
     <span class='ocr_line' id='line_1_21' title="bbox 399 2211 2659 2294; baseline -0.001 -17"><span class='ocrx_word' id='word_1_178' title='bbox 399 2233 516 2294; x_wconf 91' lang='lat' dir='ltr'><strong>per</strong></span> <span class='ocrx_word' id='word_1_179' title='bbox 557 2232 744 2277; x_wconf 89' lang='lat' dir='ltr'><strong>verae</strong></span> <span class='ocrx_word' id='word_1_180' title='bbox 790 2211 1212 2277; x_wconf 86' lang='lat' dir='ltr'><strong>fraternitatis</strong></span> <span class='ocrx_word' id='word_1_181' title='bbox 1256 2231 1566 2291; x_wconf 89' lang='lat' dir='ltr'><strong>amorem,</strong></span> <span class='ocrx_word' id='word_1_182' title='bbox 1620 2218 1695 2277; x_wconf 90' lang='lat' dir='ltr'><strong>ut</strong></span> <span class='ocrx_word' id='word_1_183' title='bbox 1737 2211 2088 2276; x_wconf 89' lang='lat' dir='ltr'><strong>aecclesiae</strong></span> <span class='ocrx_word' id='word_1_184' title='bbox 2142 2211 2400 2276; x_wconf 86' lang='lat' dir='ltr'><strong>meimet</strong></span> <span class='ocrx_word' id='word_1_185' title='bbox 2440 2211 2659 2275; x_wconf 88' lang='lat' dir='ltr'><strong>admo-</strong></span> 
     </span>
     <span class='ocr_line' id='line_1_22' title="bbox 399 2296 2656 2381; baseline -0 -19"><span class='ocrx_word' id='word_1_186' title='bbox 399 2297 554 2362; x_wconf 90' lang='lat' dir='ltr'><strong>dum</strong></span> <span class='ocrx_word' id='word_1_187' title='bbox 615 2296 1013 2379; x_wconf 87' lang='lat' dir='ltr'><strong>despoliatae</strong></span> <span class='ocrx_word' id='word_1_188' title='bbox 1072 2296 1480 2381; x_wconf 87' lang='lat' dir='ltr'><strong>parrochiam</strong></span> <span class='ocrx_word' id='word_1_189' title='bbox 1541 2297 1666 2363; x_wconf 91' lang='lat' dir='ltr'><strong>sibi</strong></span> <span class='ocrx_word' id='word_1_190' title='bbox 1726 2299 1893 2362; x_wconf 89' lang='lat' dir='ltr'><strong>iuste</strong></span> <span class='ocrx_word' id='word_1_191' title='bbox 1948 2297 2399 2380; x_wconf 88' lang='lat' dir='ltr'><strong>pertinentem,</strong></span> <span class='ocrx_word' id='word_1_192' title='bbox 2462 2298 2519 2361; x_wconf 90' lang='lat' dir='ltr'><strong>si</strong></span> <span class='ocrx_word' id='word_1_193' title='bbox 2571 2296 2656 2361; x_wconf 90' lang='lat' dir='ltr'><strong>ad</strong></span> 
     </span>
     <span class='ocr_line' id='line_1_23' title="bbox 399 2382 2657 2468; baseline -0 -20"><span class='ocrx_word' id='word_1_194' title='bbox 399 2383 607 2449; x_wconf 70' lang='lat' dir='ltr'><strong>huncb</strong></span> <span class='ocrx_word' id='word_1_195' title='bbox 647 2385 1008 2468; x_wconf 88' lang='lat' dir='ltr'><strong>perveniret</strong></span> <span class='ocrx_word' id='word_1_196' title='bbox 1049 2382 1372 2459; x_wconf 86' lang='lat' dir='ltr'><strong>honorem,</strong></span> <span class='ocrx_word' id='word_1_197' title='bbox 1418 2385 1759 2449; x_wconf 87' lang='lat' dir='ltr'><strong>restituere</strong></span> <span class='ocrx_word' id='word_1_198' title='bbox 1804 2390 1920 2447; x_wconf 88' lang='lat' dir='ltr'><strong>aut</strong></span> <span class='ocrx_word' id='word_1_199' title='bbox 1953 2382 2077 2447; x_wconf 89' lang='lat' dir='ltr'><strong>sibi</strong></span> <span class='ocrx_word' id='word_1_200' title='bbox 2123 2382 2291 2448; x_wconf 88' lang='lat' dir='ltr'><strong>hanc</strong></span> <span class='ocrx_word' id='word_1_201' title='bbox 2326 2403 2469 2447; x_wconf 88' lang='lat' dir='ltr'><strong>cum</strong></span> <span class='ocrx_word' id='word_1_202' title='bbox 2508 2382 2657 2447; x_wconf 87' lang='lat' dir='ltr'><strong>aliis</strong></span> 
     </span>
     <span class='ocr_line' id='line_1_24' title="bbox 397 2466 2658 2536; baseline -0.001 0"><span class='ocrx_word' id='word_1_203' title='bbox 397 2469 589 2536; x_wconf 85' lang='lat' dir='ltr'><strong>rebus</strong></span> <span class='ocrx_word' id='word_1_204' title='bbox 650 2468 800 2535; x_wconf 89' lang='lat' dir='ltr'><strong>inde</strong></span> <span class='ocrx_word' id='word_1_205' title='bbox 860 2468 1209 2534; x_wconf 89' lang='lat' dir='ltr'><strong>abstractis</strong></span> <span class='ocrx_word' id='word_1_206' title='bbox 1270 2468 1577 2535; x_wconf 88' lang='lat' dir='ltr'><strong>voluisset</strong></span> <span class='ocrx_word' id='word_1_207' title='bbox 1640 2468 2062 2535; x_wconf 88' lang='lat' dir='ltr'><strong>sacramentis</strong></span> <span class='ocrx_word' id='word_1_208' title='bbox 2130 2466 2407 2534; x_wconf 87' lang='lat' dir='ltr'><strong>firmare.</strong></span> <span class='ocrx_word' id='word_1_209' title='bbox 2522 2467 2658 2533; x_wconf 91' lang='lat' dir='ltr'><strong>Hoc</strong></span> 
     </span>
     <span class='ocr_line' id='line_1_25' title="bbox 399 2553 2041 2640; baseline -0.001 -18"><span class='ocrx_word' id='word_1_210' title='bbox 399 2556 557 2622; x_wconf 89' lang='lat' dir='ltr'><strong>mihi</strong></span> <span class='ocrx_word' id='word_1_211' title='bbox 600 2556 669 2621; x_wconf 89' lang='lat' dir='ltr'><strong>in</strong></span> <span class='ocrx_word' id='word_1_212' title='bbox 710 2558 1040 2640; x_wconf 87' lang='lat' dir='ltr'><strong>presentia</strong></span> <span class='ocrx_word' id='word_1_213' title='bbox 1084 2556 1368 2620; x_wconf 88' lang='lat' dir='ltr'><strong>omnium</strong></span> <span class='ocrx_word' id='word_1_214' title='bbox 1411 2553 1684 2620; x_wconf 88' lang='lat' dir='ltr'><strong>firmiter</strong></span> <span class='ocrx_word' id='word_1_215' title='bbox 1724 2555 2041 2640; x_wconf 88' lang='lat' dir='ltr'><strong>promisit.</strong></span> 
     </span>
    </p>

    <p class='ocr_par' dir='ltr' id='par_1_4' title="bbox 398 2638 2659 3152">
     <span class='ocr_line' id='line_1_26' title="bbox 567 2638 2659 2723; baseline -0.002 -15"><span class='ocrx_word' id='word_1_216' title='bbox 567 2645 629 2708; x_wconf 88' lang='lat'><strong>3.</strong></span> <span class='ocrx_word' id='word_1_217' title='bbox 707 2643 970 2707; x_wconf 86' lang='lat' dir='ltr'><strong>Interim</strong></span> <span class='ocrx_word' id='word_1_218' title='bbox 1021 2641 1306 2706; x_wconf 89' lang='lat' dir='ltr'><strong>lassatus</strong></span> <span class='ocrx_word' id='word_1_219' title='bbox 1361 2640 1444 2705; x_wconf 89' lang='lat' dir='ltr'><strong>ab</strong></span> <span class='ocrx_word' id='word_1_220' title='bbox 1496 2640 1729 2705; x_wconf 90' lang='lat' dir='ltr'><strong>itinere</strong></span> <span class='ocrx_word' id='word_1_221' title='bbox 1784 2639 2003 2723; x_wconf 86' lang='lat' dir='ltr'><strong>presul</strong></span> <span class='ocrx_word' id='word_1_222' title='bbox 2044 2640 2319 2705; x_wconf 89' lang='lat' dir='ltr'><strong>Hericus</strong></span> <span class='ocrx_word' id='word_1_223' title='bbox 2362 2638 2659 2704; x_wconf 81' lang='lat' dir='ltr'><strong>dormivit</strong></span> 
     </span>
     <span class='ocr_line' id='line_1_27' title="bbox 398 2725 2655 2812; baseline -0.002 -17"><span class='ocrx_word' id='word_1_224' title='bbox 398 2736 466 2795; x_wconf 90' lang='lat' dir='ltr'><strong>et</strong></span> <span class='ocrx_word' id='word_1_225' title='bbox 507 2729 844 2812; x_wconf 89' lang='lat' dir='ltr'><strong>episcopus</strong></span> <span class='ocrx_word' id='word_1_226' title='bbox 887 2728 1074 2810; x_wconf 90' lang='lat' dir='ltr'><strong>Wigo</strong></span> <span class='ocrx_word' id='word_1_227' title='bbox 1127 2727 1388 2792; x_wconf 87' lang='lat' dir='ltr'><strong>veniens</strong></span> <span class='ocrx_word' id='word_1_228' title='bbox 1445 2726 1816 2791; x_wconf 89' lang='lat' dir='ltr'><strong>electionem</strong></span> <span class='ocrx_word' id='word_1_229' title='bbox 1874 2734 2161 2791; x_wconf 89' lang='lat' dir='ltr'><strong>nostram</strong></span> <span class='ocrx_word' id='word_1_230' title='bbox 2214 2725 2655 2791; x_wconf 84' lang='lat' dir='ltr'><strong>consolidavit.</strong></span> 
     </span>
     <span class='ocr_line' id='line_1_28' title="bbox 399 2811 2659 2894; baseline -0.001 -16"><span class='ocrx_word' id='word_1_231' title='bbox 399 2815 691 2879; x_wconf 87' lang='lat' dir='ltr'><strong>Mittitur</strong></span> <span class='ocrx_word' id='word_1_232' title='bbox 735 2834 776 2877; x_wconf 91' lang='lat' dir='ltr'><strong>a</strong></span> <span class='ocrx_word' id='word_1_233' title='bbox 817 2813 1002 2878; x_wconf 89' lang='lat' dir='ltr'><strong>nobis</strong></span> <span class='ocrx_word' id='word_1_234' title='bbox 1047 2811 1342 2878; x_wconf 87' lang='lat' dir='ltr'><strong>omnibus</strong></span> <span class='ocrx_word' id='word_1_235' title='bbox 1385 2818 1540 2877; x_wconf 89' lang='lat' dir='ltr'><strong>tunc</strong></span> <span class='ocrx_word' id='word_1_236' title='bbox 1585 2820 1840 2878; x_wconf 73' lang='lat' dir='ltr'><strong>custos⁰</strong></span> <span class='ocrx_word' id='word_1_237' title='bbox 1894 2812 2247 2876; x_wconf 85' lang='lat' dir='ltr'><strong>aecclesiae</strong></span> <span class='ocrx_word' id='word_1_238' title='bbox 2293 2811 2659 2894; x_wconf 78' lang='lat' dir='ltr'><strong>Redingus‘1</strong></span> 
     </span>
     <span class='ocr_line' id='line_1_29' title="bbox 401 2896 2658 2981; baseline -0.001 -17"><span class='ocrx_word' id='word_1_239' title='bbox 401 2898 486 2964; x_wconf 89' lang='lat' dir='ltr'><strong>ad</strong></span> <span class='ocrx_word' id='word_1_240' title='bbox 541 2920 782 2981; x_wconf 87' lang='lat' dir='ltr'><strong>regem,</strong></span> <span class='ocrx_word' id='word_1_241' title='bbox 840 2906 914 2964; x_wconf 91' lang='lat' dir='ltr'><strong>ut</strong></span> <span class='ocrx_word' id='word_1_242' title='bbox 970 2919 1214 2963; x_wconf 86' lang='lat' dir='ltr'><strong>memor</strong></span> <span class='ocrx_word' id='word_1_243' title='bbox 1263 2898 1529 2963; x_wconf 88' lang='lat' dir='ltr'><strong>Domini</strong></span> <span class='ocrx_word' id='word_1_244' title='bbox 1590 2906 1658 2962; x_wconf 91' lang='lat' dir='ltr'><strong>et</strong></span> <span class='ocrx_word' id='word_1_245' title='bbox 1712 2898 2020 2981; x_wconf 88' lang='lat' dir='ltr'><strong>antiquae</strong></span> <span class='ocrx_word' id='word_1_246' title='bbox 2074 2897 2541 2980; x_wconf 77' lang='lat' dir='ltr'><strong>promissioniS,</strong></span> <span class='ocrx_word' id='word_1_247' title='bbox 2602 2896 2658 2961; x_wconf 91' lang='lat' dir='ltr'><strong>si</strong></span> 
     </span>
     <span class='ocr_line' id='line_1_30' title="bbox 400 2982 2659 3083; baseline -0.002 -33"><span class='ocrx_word' id='word_1_248' title='bbox 400 3005 704 3083; x_wconf 76' lang='lat' dir='ltr'><strong>umquam</strong></span> <span class='ocrx_word' id='word_1_249' title='bbox 750 2984 842 3049; x_wconf 91' lang='lat' dir='ltr'><strong>sic</strong></span> <span class='ocrx_word' id='word_1_250' title='bbox 885 2983 1249 3062; x_wconf 88' lang='lat' dir='ltr'><strong>accidisset,</strong></span> <span class='ocrx_word' id='word_1_251' title='bbox 1299 2983 1613 3049; x_wconf 89' lang='lat' dir='ltr'><strong>familiam</strong></span> <span class='ocrx_word' id='word_1_252' title='bbox 1660 2983 1869 3049; x_wconf 88' lang='lat' dir='ltr'><strong>sancti</strong></span> <span class='ocrx_word' id='word_1_253' title='bbox 1912 2983 2212 3048; x_wconf 87' lang='lat' dir='ltr'><strong>Mauricii</strong></span> <span class='ocrx_word' id='word_1_254' title='bbox 2256 2982 2551 3047; x_wconf 86' lang='lat' dir='ltr'><strong>orbatam</strong></span> <span class='ocrx_word' id='word_1_255' title='bbox 2594 2988 2659 3046; x_wconf 89' lang='lat' dir='ltr'><strong>et</strong></span> 
     </span>
     <span class='ocr_line' id='line_1_31' title="bbox 400 3069 2085 3152; baseline 0.001 -18"><span class='ocrx_word' id='word_1_256' title='bbox 400 3070 593 3135; x_wconf 82' lang='lat' dir='ltr'><strong>nimis</strong></span> <span class='ocrx_word' id='word_1_257' title='bbox 637 3071 888 3135; x_wconf 88' lang='lat' dir='ltr'><strong>tristem</strong></span> <span class='ocrx_word' id='word_1_258' title='bbox 933 3076 1115 3135; x_wconf 82' lang='lat' dir='ltr'><strong>tanto</strong></span> <span class='ocrx_word' id='word_1_259' title='bbox 1161 3076 1346 3152; x_wconf 87' lang='lat' dir='ltr'><strong>patre</strong></span> <span class='ocrx_word' id='word_1_260' title='bbox 1391 3070 1713 3136; x_wconf 87' lang='lat' dir='ltr'><strong>consolari</strong></span> <span class='ocrx_word' id='word_1_261' title='bbox 1757 3069 2085 3136; x_wconf 86' lang='lat' dir='ltr'><strong>voluisset.</strong></span> 
     </span>
    </p>

    <p class='ocr_par' dir='ltr' id='par_1_5' title="bbox 400 3152 2876 3757">
     <span class='ocr_line' id='line_1_32' title="bbox 571 3152 2661 3241; baseline -0 -22"><span class='ocrx_word' id='word_1_262' title='bbox 571 3155 733 3241; x_wconf 85' lang='lat'><strong>(43.)</strong></span> <span class='ocrx_word' id='word_1_263' title='bbox 847 3154 1088 3220; x_wconf 87' lang='lat' dir='ltr'><strong>Sonata</strong></span> <span class='ocrx_word' id='word_1_264' title='bbox 1146 3156 1272 3220; x_wconf 90' lang='lat' dir='ltr'><strong>iam</strong></span> <span class='ocrx_word' id='word_1_265' title='bbox 1336 3157 1546 3237; x_wconf 90' lang='lat' dir='ltr'><strong>prima</strong></span> <span class='ocrx_word' id='word_1_266' title='bbox 1607 3155 1837 3220; x_wconf 87' lang='lat' dir='ltr'><strong>Ericus</strong></span> <span class='ocrx_word' id='word_1_267' title='bbox 1896 3155 2171 3220; x_wconf 89' lang='lat' dir='ltr'><strong>antistes</strong></span> <span class='ocrx_word' id='word_1_268' title='bbox 2236 3152 2523 3236; x_wconf 85' lang='lat' dir='ltr'><strong>evigilat,</strong></span> <span class='ocrx_word' id='word_1_269' title='bbox 2594 3159 2661 3218; x_wconf 90' lang='lat' dir='ltr'><strong>et</strong></span> 
     </span>
     <span class='ocr_line' id='line_1_33' title="bbox 401 3238 2659 3324; baseline -0.001 -18"><span class='ocrx_word' id='word_1_270' title='bbox 401 3242 666 3306; x_wconf 90' lang='lat' dir='ltr'><strong>missam</strong></span> <span class='ocrx_word' id='word_1_271' title='bbox 701 3263 816 3324; x_wconf 90' lang='lat' dir='ltr'><strong>pro</strong></span> <span class='ocrx_word' id='word_1_272' title='bbox 851 3240 1174 3307; x_wconf 83' lang='lat' dir='ltr'><strong>defunctis</strong></span> <span class='ocrx_word' id='word_1_273' title='bbox 1210 3242 1510 3310; x_wconf 86' lang='lat' dir='ltr'><strong>cantavit.</strong></span> <span class='ocrx_word' id='word_1_274' title='bbox 1588 3241 1746 3306; x_wconf 88' lang='lat' dir='ltr'><strong>Post</strong></span> <span class='ocrx_word' id='word_1_275' title='bbox 1778 3241 2217 3324; x_wconf 88' lang='lat' dir='ltr'><strong>euvangelium</strong></span> <span class='ocrx_word' id='word_1_276' title='bbox 2252 3247 2487 3319; x_wconf 90' lang='lat' dir='ltr'><strong>autem,</strong></span> <span class='ocrx_word' id='word_1_277' title='bbox 2535 3238 2659 3304; x_wconf 78' lang='lat' dir='ltr'><strong>ad⁶</strong></span> 
     </span>
     <span class='ocr_line' id='line_1_34' title="bbox 402 3325 2659 3411; baseline -0.001 -19"><span class='ocrx_word' id='word_1_278' title='bbox 402 3327 589 3411; x_wconf 74' lang='lat' dir='ltr'><strong>quid‘</strong></span> <span class='ocrx_word' id='word_1_279' title='bbox 623 3348 737 3391; x_wconf 84' lang='lat' dir='ltr'><strong>rex</strong></span> <span class='ocrx_word' id='word_1_280' title='bbox 771 3348 916 3391; x_wconf 91' lang='lat' dir='ltr'><strong>eum</strong></span> <span class='ocrx_word' id='word_1_281' title='bbox 964 3327 1090 3392; x_wconf 92' lang='lat' dir='ltr'><strong>huc</strong></span> <span class='ocrx_word' id='word_1_282' title='bbox 1134 3327 1438 3407; x_wconf 85' lang='lat' dir='ltr'><strong>mitteret,</strong></span> <span class='ocrx_word' id='word_1_283' title='bbox 1495 3326 1899 3411; x_wconf 89' lang='lat' dir='ltr'><strong>presentibus</strong></span> <span class='ocrx_word' id='word_1_284' title='bbox 1936 3328 2214 3391; x_wconf 89' lang='lat' dir='ltr'><strong>innotuit</strong></span> <span class='ocrx_word' id='word_1_285' title='bbox 2256 3332 2323 3390; x_wconf 88' lang='lat' dir='ltr'><strong>et</strong></span> <span class='ocrx_word' id='word_1_286' title='bbox 2356 3325 2659 3391; x_wconf 87' lang='lat' dir='ltr'><strong>defuncto</strong></span> 
     </span>
     <span class='ocr_line' id='line_1_35' title="bbox 403 3410 2661 3496; baseline -0.001 -18"><span class='ocrx_word' id='word_1_287' title='bbox 403 3413 842 3496; x_wconf 90' lang='lat' dir='ltr'><strong>archipresule</strong></span> <span class='ocrx_word' id='word_1_288' title='bbox 915 3412 1382 3478; x_wconf 88' lang='lat' dir='ltr'><strong>absolutionem</strong></span> <span class='ocrx_word' id='word_1_289' title='bbox 1455 3412 1792 3478; x_wconf 90' lang='lat' dir='ltr'><strong>nobiscum</strong></span> <span class='ocrx_word' id='word_1_290' title='bbox 1865 3413 2019 3478; x_wconf 84' lang='lat' dir='ltr'><strong>fecit</strong></span> <span class='ocrx_word' id='word_1_291' title='bbox 2088 3419 2153 3477; x_wconf 92' lang='lat' dir='ltr'><strong>et</strong></span> <span class='ocrx_word' id='word_1_292' title='bbox 2220 3412 2302 3477; x_wconf 92' lang='lat' dir='ltr'><strong>ab</strong></span> <span class='ocrx_word' id='word_1_293' title='bbox 2364 3410 2661 3476; x_wconf 89' lang='lat' dir='ltr'><strong>omnibus</strong></span> 
     </span>
     <span class='ocr_line' id='line_1_36' title="bbox 400 3495 2876 3583; baseline -0.004 -19"><span class='ocrx_word' id='word_1_294' title='bbox 400 3497 542 3564; x_wconf 90' lang='lat' dir='ltr'><strong>fieri</strong></span> <span class='ocrx_word' id='word_1_295' title='bbox 594 3498 964 3583; x_wconf 84' lang='lat' dir='ltr'><strong>postulavit.</strong></span> <span class='ocrx_word' id='word_1_296' title='bbox 1062 3498 1280 3562; x_wconf 88' lang='lat' dir='ltr'><strong>Tertia</strong></span> <span class='ocrx_word' id='word_1_297' title='bbox 1334 3499 1502 3562; x_wconf 90' lang='lat' dir='ltr'><strong>enim</strong></span> <span class='ocrx_word' id='word_1_298' title='bbox 1555 3505 1710 3562; x_wconf 91' lang='lat' dir='ltr'><strong>tunc</strong></span> <span class='ocrx_word' id='word_1_299' title='bbox 1763 3499 1901 3562; x_wconf 90' lang='lat' dir='ltr'><strong>dies</strong></span> <span class='ocrx_word' id='word_1_300' title='bbox 1956 3504 2122 3576; x_wconf 89' lang='lat' dir='ltr'><strong>erat,</strong></span> <span class='ocrx_word' id='word_1_301' title='bbox 2179 3518 2307 3581; x_wconf 91' lang='lat' dir='ltr'><strong>qua</strong></span> <span class='ocrx_word' id='word_1_302' title='bbox 2360 3495 2659 3562; x_wconf 86' lang='lat' dir='ltr'><strong>sacerdos</strong></span> <span class='ocrx_word' id='word_1_303' title='bbox 2686 3516 2786 3555; x_wconf 60' lang='grc' dir='ltr'><strong>ιω».</strong></span> <span class='ocrx_word' id='word_1_304' title='bbox 2807 3518 2876 3555; x_wconf 88' lang='lat'><strong>11.</strong></span> 
     </span>
     <span class='ocr_line' id='line_1_37' title="bbox 400 3582 2660 3670; baseline -0.003 -20"><span class='ocrx_word' id='word_1_305' title='bbox 400 3587 724 3670; x_wconf 90' lang='lat' dir='ltr'><strong>predictus</strong></span> <span class='ocrx_word' id='word_1_306' title='bbox 796 3583 1070 3661; x_wconf 84' lang='lat' dir='ltr'><strong>obierat,</strong></span> <span class='ocrx_word' id='word_1_307' title='bbox 1145 3605 1310 3667; x_wconf 87' lang='lat' dir='ltr'><strong>quae</strong></span> <span class='ocrx_word' id='word_1_308' title='bbox 1379 3596 1526 3648; x_wconf 87' lang='lat' dir='ltr'><strong>cum</strong></span> <span class='ocrx_word' id='word_1_309' title='bbox 1599 3585 1873 3667; x_wconf 89' lang='lat' dir='ltr'><strong>septima</strong></span> <span class='ocrx_word' id='word_1_310' title='bbox 1942 3591 2135 3668; x_wconf 89' lang='lat' dir='ltr'><strong>atque</strong></span> <span class='ocrx_word' id='word_1_311' title='bbox 2203 3583 2531 3648; x_wconf 87' lang='lat' dir='ltr'><strong>tricesima</strong></span> <span class='ocrx_word' id='word_1_312' title='bbox 2593 3582 2660 3645; x_wconf 91' lang='lat' dir='ltr'><strong>in</strong></span> 
     </span>
     <span class='ocr_line' id='line_1_38' title="bbox 403 3666 2660 3757; baseline -0.003 -20"><span class='ocrx_word' id='word_1_313' title='bbox 403 3673 906 3753; x_wconf 88' lang='lat' dir='ltr'><strong>uniuscuiusque</strong></span> <span class='ocrx_word' id='word_1_314' title='bbox 953 3666 1205 3757; x_wconf 90' lang='lat' dir='ltr'><strong>[fidelis]</strong></span> <span class='ocrx_word' id='word_1_315' title='bbox 1251 3671 1430 3735; x_wconf 87' lang='lat' dir='ltr'><strong>exitu</strong></span> <span class='ocrx_word' id='word_1_316' title='bbox 1474 3676 1576 3735; x_wconf 79' lang='lat' dir='ltr'><strong>est</strong></span> <span class='ocrx_word' id='word_1_317' title='bbox 1628 3670 1996 3734; x_wconf 86' lang='lat' dir='ltr'><strong>memoriter</strong></span> <span class='ocrx_word' id='word_1_318' title='bbox 2047 3668 2129 3734; x_wconf 91' lang='lat' dir='ltr'><strong>ob</strong></span> <span class='ocrx_word' id='word_1_319' title='bbox 2183 3669 2536 3733; x_wconf 89' lang='lat' dir='ltr'><strong>misterium</strong></span> <span class='ocrx_word' id='word_1_320' title='bbox 2593 3668 2660 3731; x_wconf 90' lang='lat' dir='ltr'><strong>in</strong></span> 
     </span>
    </p>

    <p class='ocr_par' dir='ltr' id='par_1_6' title="bbox 121 3754 2665 4356">
     <span class='ocr_line' id='line_1_39' title="bbox 171 3754 2659 3832; baseline -0 -15"><span class='ocrx_word' id='word_1_321' title='bbox 171 3777 194 3801; x_wconf 80' lang='lat'><strong>*</strong></span> <span class='ocrx_word' id='word_1_322' title='bbox 220 3777 376 3827; x_wconf 50' lang='lat' dir='ltr'><strong>aasz.</strong></span> <span class='ocrx_word' id='word_1_323' title='bbox 404 3779 472 3822; x_wconf 91' lang='lat' dir='ltr'><strong>se</strong></span> <span class='ocrx_word' id='word_1_324' title='bbox 527 3757 862 3823; x_wconf 90' lang='lat' dir='ltr'><strong>continens</strong></span> <span class='ocrx_word' id='word_1_325' title='bbox 915 3755 1352 3832; x_wconf 71' lang='lat' dir='ltr'><strong>cele*branda,</strong></span> <span class='ocrx_word' id='word_1_326' title='bbox 1407 3757 1472 3820; x_wconf 90' lang='lat' dir='ltr'><strong>id</strong></span> <span class='ocrx_word' id='word_1_327' title='bbox 1529 3761 1628 3820; x_wconf 91' lang='lat' dir='ltr'><strong>est</strong></span> <span class='ocrx_word' id='word_1_328' title='bbox 1680 3755 1761 3819; x_wconf 92' lang='lat' dir='ltr'><strong>ob</strong></span> <span class='ocrx_word' id='word_1_329' title='bbox 1807 3754 2000 3820; x_wconf 86' lang='lat' dir='ltr'><strong>fidem</strong></span> <span class='ocrx_word' id='word_1_330' title='bbox 2044 3761 2306 3819; x_wconf 88' lang='lat' dir='ltr'><strong>sanctae</strong></span> <span class='ocrx_word' id='word_1_331' title='bbox 2348 3754 2659 3819; x_wconf 87' lang='lat' dir='ltr'><strong>trinitatis</strong></span> 
     </span>
     <span class='ocr_line' id='line_1_40' title="bbox 121 3839 2661 3926; baseline -0 -23"><span class='ocrx_word' id='word_1_332' title='bbox 121 3863 144 3886; x_wconf 66' lang='lat'><strong>⁷·</strong></span> <span class='ocrx_word' id='word_1_333' title='bbox 167 3850 467 3914; x_wconf 74' lang='lat' dir='ltr'><strong>s01.125‘.et</strong></span> <span class='ocrx_word' id='word_1_334' title='bbox 527 3841 965 3926; x_wconf 88' lang='lat' dir='ltr'><strong>septiformem</strong></span> <span class='ocrx_word' id='word_1_335' title='bbox 1029 3841 1347 3923; x_wconf 87' lang='lat' dir='ltr'><strong>spiritum.</strong></span> <span class='ocrx_word' id='word_1_336' title='bbox 1463 3844 1554 3906; x_wconf 88' lang='lat' dir='ltr'><strong>Ac</strong></span> <span class='ocrx_word' id='word_1_337' title='bbox 1615 3840 1882 3906; x_wconf 79' lang='lat' dir='ltr'><strong>*dehinc</strong></span> <span class='ocrx_word' id='word_1_338' title='bbox 1952 3861 2185 3924; x_wconf 90' lang='lat' dir='ltr'><strong>corpus</strong></span> <span class='ocrx_word' id='word_1_339' title='bbox 2254 3839 2661 3904; x_wconf 89' lang='lat' dir='ltr'><strong>benedictum</strong></span> 
     </span>
     <span class='ocr_line' id='line_1_41' title="bbox 403 3925 2663 4014; baseline -0.003 -20"><span class='ocrx_word' id='word_1_340' title='bbox 403 3951 606 4014; x_wconf 88' lang='lat' dir='ltr'><strong>usque</strong></span> <span class='ocrx_word' id='word_1_341' title='bbox 663 3928 747 3993; x_wconf 91' lang='lat' dir='ltr'><strong>ad</strong></span> <span class='ocrx_word' id='word_1_342' title='bbox 801 3928 1014 3993; x_wconf 90' lang='lat' dir='ltr'><strong>locum</strong></span> <span class='ocrx_word' id='word_1_343' title='bbox 1059 3926 1382 4010; x_wconf 89' lang='lat' dir='ltr'><strong>sepulchri</strong></span> <span class='ocrx_word' id='word_1_344' title='bbox 1426 3928 1710 3992; x_wconf 89' lang='lat' dir='ltr'><strong>carmine</strong></span> <span class='ocrx_word' id='word_1_345' title='bbox 1771 3934 1836 3991; x_wconf 91' lang='lat' dir='ltr'><strong>et</strong></span> <span class='ocrx_word' id='word_1_346' title='bbox 1886 3927 2192 4008; x_wconf 73' lang='lat' dir='ltr'><strong>planctu¹3</strong></span> <span class='ocrx_word' id='word_1_347' title='bbox 2245 3925 2532 3990; x_wconf 87' lang='lat' dir='ltr'><strong>defertur</strong></span> <span class='ocrx_word' id='word_1_348' title='bbox 2585 3944 2663 3988; x_wconf 93' lang='lat' dir='ltr'><strong>ac</strong></span> 
     </span>
     <span class='ocr_line' id='line_1_42' title="bbox 405 4011 2662 4100; baseline -0.002 -21"><span class='ocrx_word' id='word_1_349' title='bbox 405 4016 688 4100; x_wconf 87' lang='lat' dir='ltr'><strong>positum</strong></span> <span class='ocrx_word' id='word_1_350' title='bbox 733 4022 833 4080; x_wconf 92' lang='lat' dir='ltr'><strong>est</strong></span> <span class='ocrx_word' id='word_1_351' title='bbox 877 4011 1262 4077; x_wconf 88' lang='lat' dir='ltr'><strong>occidentali</strong></span> <span class='ocrx_word' id='word_1_352' title='bbox 1302 4022 1488 4097; x_wconf 89' lang='lat' dir='ltr'><strong>parte</strong></span> <span class='ocrx_word' id='word_1_353' title='bbox 1538 4015 1606 4078; x_wconf 91' lang='lat' dir='ltr'><strong>in</strong></span> <span class='ocrx_word' id='word_1_354' title='bbox 1659 4013 1853 4078; x_wconf 91' lang='lat' dir='ltr'><strong>choro</strong></span> <span class='ocrx_word' id='word_1_355' title='bbox 1904 4018 2055 4076; x_wconf 89' lang='lat' dir='ltr'><strong>ante</strong></span> <span class='ocrx_word' id='word_1_356' title='bbox 2108 4012 2408 4096; x_wconf 88' lang='lat' dir='ltr'><strong>criptam,</strong></span> <span class='ocrx_word' id='word_1_357' title='bbox 2469 4031 2662 4094; x_wconf 88' lang='lat' dir='ltr'><strong>quam</strong></span> 
     </span>
     <span class='ocr_line' id='line_1_43' title="bbox 405 4096 2659 4183; baseline -0.003 -18"><span class='ocrx_word' id='word_1_358' title='bbox 405 4101 544 4183; x_wconf 87' lang='lat' dir='ltr'><strong>ipse</strong></span> <span class='ocrx_word' id='word_1_359' title='bbox 588 4101 742 4165; x_wconf 90' lang='lat' dir='ltr'><strong>fecit</strong></span> <span class='ocrx_word' id='word_1_360' title='bbox 784 4112 850 4166; x_wconf 88' lang='lat' dir='ltr'><strong>et</strong></span> <span class='ocrx_word' id='word_1_361' title='bbox 893 4100 1292 4164; x_wconf 87' lang='lat' dir='ltr'><strong>consecravit</strong></span> <span class='ocrx_word' id='word_1_362' title='bbox 1335 4107 1400 4164; x_wconf 91' lang='lat' dir='ltr'><strong>et</strong></span> <span class='ocrx_word' id='word_1_363' title='bbox 1442 4099 1510 4162; x_wconf 91' lang='lat' dir='ltr'><strong>in</strong></span> <span class='ocrx_word' id='word_1_364' title='bbox 1550 4119 1680 4183; x_wconf 89' lang='lat' dir='ltr'><strong>qua</strong></span> <span class='ocrx_word' id='word_1_365' title='bbox 1716 4119 1804 4176; x_wconf 88' lang='lat' dir='ltr'><strong>se,</strong></span> <span class='ocrx_word' id='word_1_366' title='bbox 1859 4096 2169 4182; x_wconf 88' lang='lat' dir='ltr'><strong>quamdiu</strong></span> <span class='ocrx_word' id='word_1_367' title='bbox 2204 4099 2383 4176; x_wconf 87' lang='lat' dir='ltr'><strong>vixit,</strong></span> <span class='ocrx_word' id='word_1_368' title='bbox 2442 4116 2659 4160; x_wconf 90' lang='lat' dir='ltr'><strong>coram</strong></span> 
     </span>
     <span class='ocr_line' id='line_1_44' title="bbox 407 4180 2665 4270; baseline -0.002 -21"><span class='ocrx_word' id='word_1_369' title='bbox 407 4185 599 4250; x_wconf 90' lang='lat' dir='ltr'><strong>altari</strong></span> <span class='ocrx_word' id='word_1_370' title='bbox 649 4186 903 4270; x_wconf 84' lang='lat' dir='ltr'><strong>rogavit</strong></span> <span class='ocrx_word' id='word_1_371' title='bbox 956 4184 1238 4266; x_wconf 82' lang='lat' dir='ltr'><strong>sepeliri3</strong></span> <span class='ocrx_word' id='word_1_372' title='bbox 1301 4184 1416 4249; x_wconf 89' lang='lat' dir='ltr'><strong>ubi</strong></span> <span class='ocrx_word' id='word_1_373' title='bbox 1467 4184 1683 4249; x_wconf 80' lang='lat' dir='ltr'><strong>idemh</strong></span> <span class='ocrx_word' id='word_1_374' title='bbox 1733 4183 2164 4248; x_wconf 89' lang='lat' dir='ltr'><strong>lacrimabiles</strong></span> <span class='ocrx_word' id='word_1_375' title='bbox 2227 4203 2374 4267; x_wconf 91' lang='lat' dir='ltr'><strong>sepe</strong></span> <span class='ocrx_word' id='word_1_376' title='bbox 2437 4180 2665 4246; x_wconf 88' lang='lat' dir='ltr'><strong>effudit</strong></span> 
     </span>
     <span class='ocr_line' id='line_1_45' title="bbox 407 4269 2663 4356; baseline 0 -24"><span class='ocrx_word' id='word_1_377' title='bbox 407 4272 747 4336; x_wconf 64' lang='lat' dir='ltr'><strong>orationes</strong></span> <span class='ocrx_word' id='word_1_378' title='bbox 835 4269 963 4336; x_wconf 87' lang='lat' dir='ltr'><strong>Sed</strong></span> <span class='ocrx_word' id='word_1_379' title='bbox 1001 4269 1412 4335; x_wconf 84' lang='lat' dir='ltr'><strong>Waltherdus</strong></span> <span class='ocrx_word' id='word_1_380' title='bbox 1458 4271 1667 4335; x_wconf 89' lang='lat' dir='ltr'><strong>locum</strong></span> <span class='ocrx_word' id='word_1_381' title='bbox 1706 4269 1895 4356; x_wconf 90' lang='lat' dir='ltr'><strong>hunc,</strong></span> <span class='ocrx_word' id='word_1_382' title='bbox 1939 4272 2005 4334; x_wconf 91' lang='lat' dir='ltr'><strong>in</strong></span> <span class='ocrx_word' id='word_1_383' title='bbox 2043 4290 2169 4356; x_wconf 87' lang='lat' dir='ltr'><strong>quo</strong></span> <span class='ocrx_word' id='word_1_384' title='bbox 2205 4289 2375 4334; x_wconf 89' lang='lat' dir='ltr'><strong>nunc</strong></span> <span class='ocrx_word' id='word_1_385' title='bbox 2411 4275 2663 4352; x_wconf 85' lang='lat' dir='ltr'><strong>pausat,</strong></span> 
     </span>
    </p>
   </div>
   <div class='ocr_carea' id='block_1_3' title="bbox 408 4421 2669 4528">
    <p class='ocr_par' dir='ltr' id='par_1_7' title="bbox 408 4421 2669 4528">
     <span class='ocr_line' id='line_1_46' title="bbox 409 4421 2669 4476; baseline 0 -14"><span class='ocrx_word' id='word_1_386' title='bbox 409 4421 454 4469; x_wconf 79' lang='lat' dir='ltr'><strong>a)</strong></span> <span class='ocrx_word' id='word_1_387' title='bbox 483 4423 670 4472; x_wconf 75' lang='lat' dir='ltr'><strong>imperat</strong></span> <span class='ocrx_word' id='word_1_388' title='bbox 687 4425 740 4463; x_wconf 85' lang='lat' dir='ltr'><strong>B.</strong></span> <span class='ocrx_word' id='word_1_389' title='bbox 843 4423 890 4474; x_wconf 79' lang='lat' dir='ltr'><strong>b&gt;</strong></span> <span class='ocrx_word' id='word_1_390' title='bbox 915 4435 944 4464; x_wconf 90' lang='lat' dir='ltr'><strong>n</strong></span> <span class='ocrx_word' id='word_1_391' title='bbox 973 4425 1077 4464; x_wconf 78' lang='lat' dir='ltr'><strong>add.</strong></span> <span class='ocrx_word' id='word_1_392' title='bbox 1100 4426 1149 4464; x_wconf 78' lang='lat' dir='ltr'><strong>T.</strong></span> <span class='ocrx_word' id='word_1_393' title='bbox 1257 4425 1300 4476; x_wconf 88' lang='lat' dir='ltr'><strong>c)</strong></span> <span class='ocrx_word' id='word_1_394' title='bbox 1326 4429 1476 4475; x_wconf 78' lang='lat' dir='ltr'><strong>gustos</strong></span> <span class='ocrx_word' id='word_1_395' title='bbox 1493 4426 1548 4464; x_wconf 89' lang='grc' dir='ltr'><strong>Β.</strong></span> <span class='ocrx_word' id='word_1_396' title='bbox 1656 4423 1703 4474; x_wconf 82' lang='lat' dir='ltr'><strong>d)</strong></span> <span class='ocrx_word' id='word_1_397' title='bbox 1732 4423 1965 4472; x_wconf 74' lang='lat' dir='ltr'><strong>reed1gnus</strong></span> <span class='ocrx_word' id='word_1_398' title='bbox 1986 4427 2021 4474; x_wconf 86' lang='lat'><strong>1,</strong></span> <span class='ocrx_word' id='word_1_399' title='bbox 2046 4425 2176 4464; x_wconf 75' lang='lat' dir='ltr'><strong>altero</strong></span> <span class='ocrx_word' id='word_1_400' title='bbox 2193 4434 2218 4463; x_wconf 84' lang='lat' dir='ltr'><strong>e</strong></span> <span class='ocrx_word' id='word_1_401' title='bbox 2246 4433 2377 4463; x_wconf 75' lang='grc' dir='ltr'><strong>σωο.</strong></span> <span class='ocrx_word' id='word_1_402' title='bbox 2484 4424 2526 4474; x_wconf 84' lang='lat' dir='ltr'><strong>e)</strong></span> <span class='ocrx_word' id='word_1_403' title='bbox 2551 4425 2598 4462; x_wconf 79' lang='lat' dir='ltr'><strong>at</strong></span> <span class='ocrx_word' id='word_1_404' title='bbox 2614 4423 2669 4473; x_wconf 85' lang='lat' dir='ltr'><strong>B,</strong></span> 
     </span>
     <span class='ocr_line' id='line_1_47' title="bbox 408 4473 1922 4528; baseline 0 -14"><span class='ocrx_word' id='word_1_405' title='bbox 408 4485 516 4515; x_wconf 80' lang='lat' dir='ltr'><strong>corr.</strong></span> <span class='ocrx_word' id='word_1_406' title='bbox 538 4474 588 4514; x_wconf 78' lang='grc' dir='ltr'><strong>Τ.</strong></span> <span class='ocrx_word' id='word_1_407' title='bbox 694 4477 728 4525; x_wconf 82' lang='lat' dir='ltr'><strong>f)</strong></span> <span class='ocrx_word' id='word_1_408' title='bbox 754 4473 812 4526; x_wconf 71' lang='lat' dir='ltr'><strong>qd</strong></span> <span class='ocrx_word' id='word_1_409' title='bbox 837 4480 878 4517; x_wconf 87' lang='lat'><strong>1.</strong></span> <span class='ocrx_word' id='word_1_410' title='bbox 982 4478 1028 4527; x_wconf 75' lang='lat' dir='ltr'><strong>g)</strong></span> <span class='ocrx_word' id='word_1_411' title='bbox 1053 4478 1208 4526; x_wconf 69' lang='lat' dir='ltr'><strong>planta</strong></span> <span class='ocrx_word' id='word_1_412' title='bbox 1236 4479 1275 4517; x_wconf 84' lang='lat'><strong>1.</strong></span> <span class='ocrx_word' id='word_1_413' title='bbox 1379 4475 1431 4528; x_wconf 86' lang='lat' dir='ltr'><strong>h)</strong></span> <span class='ocrx_word' id='word_1_414' title='bbox 1458 4475 1635 4517; x_wconf 81' lang='lat' dir='ltr'><strong>ubldem</strong></span> <span class='ocrx_word' id='word_1_415' title='bbox 1661 4478 1712 4525; x_wconf 88' lang='lat' dir='ltr'><strong>B,</strong></span> <span class='ocrx_word' id='word_1_416' title='bbox 1744 4487 1849 4516; x_wconf 77' lang='lat' dir='ltr'><strong>corr.</strong></span> <span class='ocrx_word' id='word_1_417' title='bbox 1872 4477 1922 4515; x_wconf 83' lang='grc' dir='ltr'><strong>Τ.</strong></span> 
     </span>
    </p>
   </div>
  </div>
 </body>
</html>
