3100 5050
161 1780 183 1802 *
203 1760 657 1844 soz.1·15.potuit‚
718 1758 1079 1825 *vindicare
1136 1781 1261 1824 non
1318 1758 1593 1824 desistit.

128 2726 149 2747 *
178 2723 272 2763 ead.
292 2734 357 2762 ma

177 2776 235 2814 al.
254 2777 375 2823 temp.

158 3648 177 3669 *
198 3647 280 3696 soz.
304 3648 409 3699 ιη’,

206 3710 301 3738 man
306 3727 318 3739 ι

912 405 1318 462 ΤΗΙΕΤΜΑΒΙ
1354 403 1618 461 CHRON.
1685 405 1819 459 LIB.
1856 405 1994 459 VIII
2032 405 2201 472 (VII).
2577 407 2678 462 237

428 558 756 624 studiosus
826 559 894 623 in
957 558 1173 623 divina
1235 557 1426 623 laude
1488 558 1752 641 peregit.
1867 557 1990 622 Hic
2058 578 2203 622 cum
2264 581 2333 623 se
2393 559 2680 624 lacrimis

430 644 854 730 assiduaeque
882 645 1202 709 oracionis
1230 665 1308 709 ex
1337 643 1527 709 corde
1556 643 1828 708 contrito
1855 643 2150 724 prolatae
2184 643 2400 710 hostia
2433 665 2680 710 summo

431 729 747 797 sacerdoti
790 729 1295 806 reconciliaret⁸‚
1339 751 1418 795 ex
1460 735 1604 795 arto
1649 730 1936 813 corporis
1982 750 2239 795 carcere
2293 731 2542 796 solutus
2597 729 2682 795 ad

428 817 795 882 libertatem
840 816 1137 898 perennis
1180 815 1422 899 gloriae
1465 814 1754 898 gaudens
1797 815 2075 882 transiit,

600 903 702 967 73.
750 902 997 966 Prefati
1030 922 1178 966 vero
1213 902 1385 984 regis
1421 922 1653 966 nomen
1690 907 1973 982 potestas
2008 901 2190 983 pacis
2216 901 2455 966 iniuste
2481 902 2681 966 inter-

428 987 790 1070 pretatur13
837 988 991 1070 quia
1034 1008 1161 1052 non
1206 986 1339 1068 illa,
1389 1006 1584 1068 quam
1631 993 1747 1050 aut
1787 987 1972 1069 impii
2011 987 2282 1052 invicem
2317 992 2541 1052 tenent
2581 986 2682 1052 vel

428 1073 829 1139 habitatores
864 1074 1054 1138 huius
1088 1072 1313 1138 mundi
1345 1071 1696 1157 possident,
1744 1073 1896 1155 quia
1933 1070 2226 1160 [semper]
2261 1073 2507 1151 nutattn
2554 1093 2682 1154 pax

428 1180 581 1225 vera
622 1158 879 1238 dicitur,
925 1158 1041 1224 sed
1084 1158 1193 1224 ille
1238 1158 1415 1224 solus
1459 1181 1535 1224 ea
1581 1157 1949 1240 specialiter
1992 1159 2216 1239 utitur,
2270 1159 2382 1243 qui
2427 1179 2682 1224 omnem

428 1246 631 1310 animi
675 1245 914 1309 suimet
955 1250 1197 1310 motum
1234 1265 1640 1330 componam,
1686 1263 1954 1326 regnum
1995 1245 2114 1309 Dei
2144 1245 2512 1329 pacienciae
2549 1245 2681 1308 vin-

430 1330 633 1396 centis
693 1331 993 1413 angustia
1054 1330 1295 1396 solacio
1356 1337 1778 1415 promeretur.
1877 1329 1950 1394 In
2011 1331 2278 1396 caelesti
2335 1331 2682 1396 securitate

430 1414 657 1481 sedens
713 1416 1052 1500 episcopus
1108 1416 1217 1481 ille
1281 1417 1451 1481 ridet
1506 1417 1630 1480 viri
1686 1417 1896 1480 minas
1959 1415 2186 1481 iniusti
2261 1422 2326 1482 et
2383 1416 2682 1481 castitate

430 1500 726 1585 gemina²
794 1502 1042 1584 potitur
1120 1500 1241 1590 [ac]
1323 1502 1738 1568 fornicatoris
1811 1501 1984 1566 illius
2055 1502 2320 1566 ultrices
2388 1499 2680 1566 flammas

432 1587 825 1670 speculatum
876 1591 1031 1671 quia
1064 1595 1284 1653 nostro
1320 1587 1586 1654 doctore
1622 1587 1826 1654 Paulo
1870 1593 2035 1652 teste
2071 1587 2402 1652 adulteros
2435 1586 2683 1652 iudicat
2713 1601 2844 1649 nour.
2867 1610 2930 1658 ιε,
2946 1610 2989 1649 4.

433 1674 626 1739 Deus,
697 1673 1061 1739 Bolizlavus
1097 1680 1311 1740 autem
1351 1675 1508 1738 haec
1544 1674 1763 1738 omnia
1806 1674 2220 1757 comperiens,
2267 1675 2334 1737 in
2370 1679 2682 1756 quantum

428 1846 678 1911 dierum
756 1843 988 1925 obiit³‚
1068 1845 1505 1928 integritatem
1583 1843 1964 1910 hereditatis
2033 1866 2188 1910 suae
2257 1845 2509 1910 duobus
2581 1866 2680 1910 re·-

1701 1759 1859 1824 Post
1912 1758 2076 1824 haec
2131 1779 2248 1824 rex
2291 1759 2400 1824 ille
2449 1760 2676 1844 plenus
2707 1780 2816 1821 cen.
2846 1781 2910 1832 25,
2946 1782 2990 1821 ε.

427 1933 726 2014 linquens
783 1929 960 2008 filiis,
1017 1931 1221 1996 tercio
1278 1929 1490 1996 adhuc
1546 1931 1617 1995 in
1673 1951 1930 1995 carcere
1985 1932 2226 2015 posito,
2283 1932 2396 2015 qui
2453 1937 2869 2014 postea1015.

168 2121 190 2143 *
220 2132 315 2160 man
355 2122 392 2159 Τ
430 2017 687 2167 elapsus
732 2017 999 2109 coniuge
1042 2015 1283 2081 ibidem
1327 2016 1558 2081 relicta
1602 2015 1685 2080 ad
1729 2036 2020 2082 socerum
2063 2016 2248 2100 fugit.

764 2093 945 2166 'Rex
979 2093 1593 2184 p'r‘e'diffis”‘h'ab‘ffit
1634 2101 1928 2167 lumbare
1969 2113 2366 2180 venereumss,
2419 2103 2680 2168 innatae

433 2186 809 2270 fragilitatis
853 2187 1061 2252 maius
1104 2195 1538 2270 augmentum.
1631 2187 1756 2254 Sed
1801 2189 2110 2271 magister
2153 2195 2412 2253 nostrae
2456 2188 2684 2254 salutis

436 2271 728 2337 Christus
770 2292 916 2337 cum
960 2272 1211 2338 lumbos
1255 2273 1549 2340 luxuriae
1596 2276 1888 2340 nocentis
1923 2272 2374 2339 habundancia
2415 2274 2684 2340 refertos
2713 2297 2822 2337 nuc.
2843 2299 2906 2346 12,
2923 2297 2990 2336 35.

432 2357 718 2442 precingi
761 2357 1012 2424 iuberet
1052 2365 1337 2438 nostros,
1384 2360 1861 2426 continenciam
1896 2366 1965 2426 et
1997 2380 2126 2425 non
2161 2358 2423 2442 aliquod
2459 2380 2684 2443 provo-

433 2464 656 2509 camen
687 2445 985 2509 innotuit.
1074 2445 1159 2510 Et
1192 2447 1344 2530 quia
1382 2445 1463 2510 de
1498 2446 1762 2510 lucerna
1797 2444 2064 2510 ardente
2099 2466 2140 2509 a
2174 2444 2684 2528 predicatoribus

434 2531 566 2596 suis
610 2552 728 2597 rex
769 2531 1063 2615 prefatus
1114 2531 1391 2611 audivit,
1444 2532 1695 2615 peccati
1747 2531 2065 2597 maculam
2119 2532 2367 2614 peracti
2422 2531 2686 2597 assidua

431 2617 924 2683 elemosinarum
966 2617 1271 2701 largitate
1315 2617 1604 2683 detersit.
1693 2616 2013 2703 Scriptum
2058 2624 2156 2683 est
2197 2618 2392 2684 enim:
2464 2618 2685 2681 Facite

359 2735 403 2764 n.
430 2704 847 2784 elemosinam,
888 2726 966 2767 ac
1009 2704 1221 2769 omm‘a
1264 2713 1407 2769 sunt
1448 2703 1617 2767 vobis
1657 2704 1911 2767 munda.
2000 2702 2155 2769 *Hic
2200 2724 2344 2768 cum
2395 2704 2525 2768 iam
2578 2704 2684 2768 de-

432 2790 717 2871 crepitae
776 2790 1009 2855 aetatis
1070 2797 1241 2855 esset
1318 2809 1711 2873 regnumque
1792 2788 1906 2853 diu
1973 2788 2242 2855 haberet
2307 2788 2684 2875 predictum,

433 2872 619 2950 obiit,
682 2874 972 2956 sepultus
1032 2876 1099 2939 in
1154 2873 1454 2941 Cuiewa4
1515 2875 1778 2940 civitate
1829 2896 2063 2957 magna
2124 2884 2190 2941 et
2239 2876 2306 2939 in
2373 2874 2686 2941 aecclesia

436 2957 677 3023 Christi
729 2959 1015 3024 martiris
1068 2968 1135 3024 et
1185 2981 1391 3045 papae
1447 2960 1837 3027 Clementis⁵
1880 2961 2063 3025 iuxta
2116 2960 2474 3045 predictam
2535 2980 2682 3025 con-

433 3044 649 3126 iugem
705 3065 915 3123 suam,
974 3046 1326 3131 sarcofagis
1382 3046 1728 3112 eorundem
1791 3046 1856 3110 in
1916 3046 2128 3112 medio
2189 3046 2412 3131 templi
2471 3045 2682 3129 palam

394 3130 776 3196 ‚stantibus
880 3130 1079 3196 Cuius
1142 3140 1428 3217 potestas
1481 3132 1650 3198 inter
1693 3131 1894 3197 *filios
1951 3132 2258 3199 dividitur
2322 3132 2688 3216 Christique

436 3214 757 3301 eloquium
793 3216 863 3281 in
898 3216 1191 3282 omnibus
1226 3217 1606 3287 affirmatur.
1675 3218 1970 3305 Namque
2005 3238 2226 3284 vereor
2257 3218 2325 3283 id
2361 3219 2686 3302 subsequi,

437 3300 614 3384 quod
666 3322 786 3367 vox
806 3384 813 3391 ι
836 3302 1129 3368 veritatis
1179 3305 1569 3388 pronunciat
1622 3305 1936 3389 conpleri;
1986 3304 2151 3369 dicit
2201 3305 2398 3370 enim:
2497 3304 2686 3369 Omne
2714 3328 2992 3379 nu0.11‚r1.

435 3410 689 3473 regnum
732 3389 802 3451 in
844 3411 907 3453 se
950 3389 1155 3474 ipsum
1198 3390 1471 3455 divisum
1514 3390 1894 3456 desolabitur
1937 3398 2001 3457 et
2045 3397 2326 3471 caetera3
2373 3377 2569 3477 quam
2613 3398 2688 3454 ut

434 3478 687 3539 mutare
757 3474 824 3537 in
894 3470 1065 3562 [hiis]
1134 3474 1431 3557 partibus
1500 3475 1654 3541 velit
1723 3474 1900 3541 Deus
1977 3476 2401 3556 sentenciam,
2482 3477 2686 3542 omnis

436 3557 894 3646 [christianitas
940 3558 1101 3647 oret]
1117 3561 1164 3627 ἅ.

606 3648 707 3713 75.
770 3642 973 3721 *Quia
1028 3667 1200 3713 nunc
1252 3647 1588 3731 paululum
1646 3645 1986 3726 declinavi,
2045 3646 2336 3726 redeam,
2394 3666 2557 3731 quae
2617 3647 2684 3711 in
2723 3662 2873 3717 1017.

380 3730 391 3740 ’
433 3730 727 3815 predicto
813 3732 1143 3797 evenerint
1226 3753 1429 3813 anne,
1525 3733 1822 3817 superius
1908 3731 2270 3798 indiscussa
2365 3732 2687 3798 succincte

435 3818 753 3902 aperiens.
853 3817 1015 3901 (53.)
1073 3818 1291 3887 Curtis
1333 3840 1487 3905 pars
1528 3818 1815 3884 maxima
1857 3818 2186 3902 inperialis
2229 3820 2298 3883 in
2340 3817 2578 3885 Palithi
2625 3823 2689 3882 et

434 3902 501 3967 in
544 3903 941 3968 Traiectensi
995 3904 1254 3969 civitate
1304 3906 1511 3971 maior
1564 3904 1878 3971 aecclesia
1929 3925 2076 3970 cum
2128 3904 2422 3970 omnibus
2467 3903 2683 3968 Ethel-

435 4054 480 4107 ι)
503 4058 835 4097 reconduntur
858 4060 899 4097 1.
1004 4057 1051 4105 b)
1083 4061 1242 4098 nutant
1265 4058 1321 4097 D.
1428 4056 1471 4108 e)
1496 4068 1736 4099 venereum
1762 4070 1872 4098 corr.
1900 4060 2127 4099 venerium
2153 4062 2194 4099 1.
2297 4056 2344 4107 d)
2372 4059 2504 4097 erasis
2521 4058 2690 4107 pancio,

433 4118 541 4157 quac
568 4110 609 4149 Τ
628 4108 843 4159 afficiente
863 4110 1028 4161 pagina
1052 4111 1099 4149 in
1124 4110 1269 4150 dens-o
1296 4122 1426 4163 marg.
1453 4113 1720 4161 oppetam,
1747 4112 1792 4150 N
1814 4112 1861 4149 in
1887 4111 1968 4160 inf.
1988 4122 2118 4162 mar-9.
2139 4110 2244 4150 add.
2263 4110 2562 4150 christianitas
2580 4112 2686 4149 oret.

440 4228 508 4309 l).
536 4229 749 4285 Nomen
789 4230 1069 4299 siquiftcat
1107 4247 1282 4300 reyem
1327 4207 1647 4311 pacificum:
1686 4232 1864 4299 polan.
1911 4228 2120 4286 wladac
2158 4250 2227 4275 =
2259 4229 2430 4285 thina.
2467 4228 2682 4293 walten‚

438 4312 541 4351 mir
572 4317 643 4343 --·-
673 4314 820 4377 ραρη
862 4300 945 4367 φῖ
987 4300 1051 4363 V,
1097 4300 1165 4355 23
1200 4298 1503 4365 Wladiwoi,
1563 4300 1657 4366 VI,
1707 4300 1772 4355 11
1823 4299 2066 4381 laremir.
2245 4298 2300 4363 2)
2357 4296 2513 4364 Confi
2547 4300 2598 4380 ζ,
2635 4301 2686 4353 2.

437 4364 639 4494 {zozim
640 4369 793 4500 ³31¹?
815 4368 946 4492 1351:
984 4369 1050 4423 15
1060 4387 1077 4432 ;
1131 4368 1319 4425 Str-ahl
1361 4370 1414 4433 I,
1461 4369 1580 4423 110.
1748 4368 1804 4435 4)
1859 4370 2034 4425 Ktew.
2118 4417 2126 4424 s
2205 4370 2258 4431 5)
2313 4366 2599 4423 Clemente-s
2632 4368 2683 4420 Ι.
