3100 5050
151 985 174 1008 ⁴¹
194 986 281 1035 sol.
302 987 367 1027 42.

137 2620 158 2642 *
177 2622 262 2671 sol.
279 2620 359 2663 θ’.

1005 383 1412 439 ΤΗΙΕΤΜΑΒΙ
1449 383 1711 441 CHRON.
1782 386 1917 440 LIB.
1954 385 2060 439 ΙΙΙ.
2586 382 2655 438 57

405 536 482 626 [is
541 537 841 602 assistere
878 537 1004 602 sibi
1033 536 1441 605 Aethelleken
1453 551 1496 618 ⁸,
1535 539 1932 622 prepositum
1972 537 2293 624 quondam
2319 542 2611 602 nostrum
2633 537 2656 582 ¹
2690 549 2809 604 981.

404 644 471 688 se
567 630 720 689 tunc
773 622 1171 704 defunctum,
1234 646 1555 690 annonam
1610 627 1818 691 sancti
1873 625 2173 692 Mauricii
2225 624 2473 690 eminus
2532 622 2657 688 sibi

401 710 1533 883 ἣὲἑὶἑῗθἚῖἒὲηῑέῧρῖῗὶῗέἒῃὲἓξ
1575 709 2403 863 {iffissiiiisseffdn‘fgniei‘r}
2411 709 2636 860 1ῑὲἷέΓέ
2638 759 2655 823 ³

635 845 650 875 ⁹
2211 847 2226 861 ·
2618 846 2632 874 ν

401 881 581 962 dixit,
621 883 875 947 ‘misero
905 887 970 946 et
995 885 1342 964 peccatori,
1379 884 1554 968 quod
1581 904 1885 968 umquam
1912 883 2370 948 monasterium
2399 881 2657 946 meimet

399 974 462 1032 et
497 967 926 1033 obedientiam
966 968 1048 1034 ob
1084 969 1492 1035 ambitionem
1530 969 1900 1055 *dereliqui,
1947 975 2010 1034 et
2045 971 2102 1034 si
2134 968 2353 1033 divina
2386 968 2655 1052 largitas

398 1054 680 1138 aliquam
745 1054 905 1119 mihi
965 1055 1314 1120 concedere
1377 1056 1681 1140 dignatur
1750 1057 2119 1134 sanitatem,
2194 1052 2461 1139 supplex
2530 1053 2656 1120 huc

398 1141 582 1205 venio
643 1160 1120 1225 numquamque
1169 1141 1439 1210 reced0.'
1544 1142 1731 1208 Talia
1790 1147 2218 1225 prosequutus
2278 1139 2655 1205 infirmitate

398 1227 693 1292 validiori
743 1229 1129 1310 opprimitur
1189 1236 1254 1294 et
1301 1235 1452 1312 post
1491 1240 1733 1312 paucos
1790 1228 1929 1294 dies
1979 1229 2043 1292 in
2091 1225 2345 1310 prefata
2396 1226 2655 1291 civitate

398 1312 618 1378 Nonas
663 1312 1003 1378 Octobris²
1055 1315 1326 1379 moritur
1376 1336 1451 1380 ac
1506 1314 1841 1398 sepelitur,
1895 1334 2020 1379 non
2072 1312 2279 1377 ullum
2333 1312 2654 1395 sapientia
2679 1327 2776 1369 Oet»
2798 1330 2837 1370 τ.

399 1405 593 1482 atque
639 1397 946 1464 facundia
989 1398 1111 1464 sibi
1157 1401 1526 1485 relinquens
1572 1402 1864 1466 similem.

573 1486 670 1552 16.
716 1483 836 1570 (9.)
899 1483 1238 1551 Gisillerus
1290 1492 1510 1551 autem
1561 1493 1832 1570 accepta
1883 1486 1967 1550 ab
2019 1485 2405 1569 imperatore
2458 1483 2652 1550 licen·
2680 1501 2837 1550 'raein-
2866 1501 2959 1541 ohr-

393 1572 496 1636 cia
573 1570 1018 1654 Magadaburg
1089 1571 1168 1638 11.
1225 1572 1368 1638 Kal.
1438 1571 1859 1638 Decembris3
1936 1571 2277 1636 Thiedrico
2350 1570 2653 1637 Metensis
2679 1587 2876 1627 Rev-³0·

392 1657 742 1722 aecclesiae
795 1657 1142 1742 episcopo4
1196 1659 1544 1724 comitante
1602 1661 1797 1728 venit.
1893 1658 2043 1724 Fuit
2104 1656 2210 1723 hic
2263 1657 2507 1722 amicus
2552 1676 2653 1721 ce-

393 1744 556 1808 saris
614 1756 680 1809 et
734 1743 918 1809 valde
975 1745 1034 1808 ei
1091 1765 1280 1810 carus
1347 1765 1639 1829 unusque
1706 1767 1785 1810 ex
1853 1762 2122 1809 numero
2181 1750 2651 1825 corruptorum,

391 1830 503 1914 qui
549 1829 762 1894 milleb
805 1829 1056 1894 talenta
1100 1831 1243 1894 auri
1287 1836 1482 1914 atque
1527 1832 1779 1915 argenti
1822 1852 1939 1915 pro
1986 1829 2274 1896 veritatis
2312 1827 2653 1894 obumbra-

392 1918 572 1981 cione
609 1915 691 1981 ab
730 1915 1215 1999 archiepiscopo
1253 1917 1561 2002 percepit.
1649 1917 1771 1982 Cui
1805 1915 2088 2000 quidam,
2128 1937 2273 1980 cum
2308 1914 2393 1980 ab
2430 1913 2649 1981 eodem

390 2003 571 2067 iussu
633 2003 1040 2087 imperatoris
1102 2001 1184 2066 ad
1246 2004 1631 2068 matutinam
1703 2003 2074 2069 ioculariter
2140 2001 2649 2067 benediceretur:

391 2087 626 2153 ‘Saciet
677 2088 789 2167 te‘,
851 2087 1102 2169 inquid,
1169 2089 1362 2153 ‘Deus
1414 2089 1480 2153 in
1535 2089 1783 2168 futuro,
1848 2109 2037 2175 quem
2090 2087 2197 2153 hic
2249 2107 2467 2153 omnes
2519 2107 2648 2152 non

389 2194 726 2257 possumus
770 2175 971 2240 aur0.’
1069 2174 1247 2240 Tunc
1290 2175 1504 2240 omnia
1547 2183 1837 2241 nostram
1879 2175 2059 2260 prius
2112 2173 2493 2239 aecclesiam
2547 2194 2648 2237 re-

391 2260 732 2343 spicientia
778 2259 984 2325 divisa
1020 2268 1171 2326 sunt
1205 2260 1678 2339 miserabiliter,
1725 2260 2137 2327 Sclavonicae
2171 2260 2303 2324 ritu
2339 2257 2647 2339 familiae,

390 2367 555 2430 quae
609 2351 915 2412 accusata
971 2346 1394 2412 venundando
1457 2346 1849 2433 dispergitur
1862 2347 1909 2416 ⁵.
2016 2347 2177 2411 Pars
2238 2345 2649 2429 episcopatus

352 2476 362 2489 ·
391 2433 616 2512 nostri,
662 2453 827 2517 quae
862 2431 1118 2498 iacebat
1152 2434 1321 2499 inter
1358 2434 1577 2500 Salam
1622 2441 1687 2499 et
1728 2434 2013 2499 Elstram
2059 2453 2137 2498 ac
2180 2430 2483 2496 *Mildam
2527 2428 2647 2495 flu-

388 2519 540 2598 vios,
587 2525 652 2585 et
689 2519 911 2598 Plisni,
965 2517 1143 2585 Vedu
1187 2528 1252 2586 et
1295 2520 1649 2586 Tuchurini
1691 2541 1895 2605 pagos
1907 2519 1955 2599 6,
2003 2540 2147 2584 cum
2192 2518 2359 2584 villis
2395 2517 2649 2583 Passini

388 2612 454 2669 et
491 2606 727 2670 Piscini
740 2604 789 2685 ⁷,
837 2605 1190 2671 Fritherico
1233 2607 1572 2673 *Citicensi
1612 2605 1805 2672 datur
1848 2607 2147 2690 episcopo
2162 2603 2209 2671 8.
2282 2603 2649 2670 Wolcoldo⁶

385 2697 628 2769 autem,
693 2691 1038 2757 Misnensis
1099 2693 1450 2759 aecclesiae
1511 2693 1818 2774 antistiti,
1888 2712 2041 2777 pars
2102 2691 2216 2756 illa
2276 2690 2649 2756 conceditur

386 2797 532 2843 cum
577 2776 1132 2862 adpertinentibus
1175 2780 1344 2844 villis
1388 2778 1799 2863 Wissepuig9
1850 2787 1913 2843 et
1959 2777 2324 2843 Lostatawa
2344 2776 2424 2854 ¹⁰,
2480 2797 2647 2860 quae

385 2862 472 2928 ad
517 2862 774 2928 Gutizid
827 2864 1204 2930 orientalem
1266 2866 1547 2949 pertinet
1606 2886 1685 2930 ac
1747 2864 1960 2931 fluviis
2012 2862 2329 2929 Caminici
2371 2862 2646 2947 Albique

384 2948 907 3032 distinguitur¹¹;
945 2951 1071 3015 sibi
1117 2958 1334 3016 autem
1382 2952 1697 3017 retinuit*
1718 2951 1908 3017 V1111
1937 2950 2148 3030 urbeS,
2186 2969 2459 3034 quarum
2495 2955 2647 3013 sunt

499 3091 547 3157 ⁸)
584 3088 884 3145 Gisilherus
925 3088 1054 3145 add.
1096 3090 1155 3146 V.

381 3193 426 3242 a)
453 3193 635 3243 primum
654 3203 678 3233 e
697 3203 864 3233 nasum
882 3195 922 3233 1.
1028 3190 1078 3243 b)
1107 3193 1234 3233 mma
1251 3194 1302 3245 A,
1321 3205 1429 3235 corr.
1452 3196 1501 3236 Τ.
1619 3194 1659 3247 c)
1689 3194 1918 3237 vuolcoldo
1938 3197 1987 3247 A,
2006 3205 2033 3234 v
2052 3203 2230 3236 eratum.
2335 3191 2381 3245 d)
2406 3190 2577 3242 guntin
2594 3190 2645 3241 A,

381 3256 412 3285 n
432 3246 594 3295 puncto
619 3243 795 3285 deletum
822 3245 860 3283 et
877 3247 1025 3295 postea
1051 3256 1229 3286 amm.

382 3331 434 3398 1)
472 3332 802 3399 Adaldaqus
837 3349 890 3387 a.
921 3331 1026 3387 968
1057 3333 1269 3401 primus
1305 3334 1804 3404 Maydeburyensis
1849 3334 2103 3389 ecelesiae
2134 3332 2487 3400 praepositus
2521 3346 2643 3385 eon-

379 3402 600 3456 stitutas
643 3408 785 3465 erat,·
837 3400 984 3455 Ana.
1029 3400 1224 3470 Mayd.
1261 3403 1365 3457 970
1407 3407 1460 3456 et
1503 3402 1675 3458 Gesta
1719 3404 1868 3458 arch.
1915 3404 2107 3471 Maqd.
2154 3418 2200 3457 c.
2229 3404 2297 3457 10
2340 3400 2466 3466 (SS.
2496 3400 2649 3455 XIV

375 3488 432 3538 p.
451 3471 580 3533 382)
605 3486 673 3523 ex
696 3469 828 3537 Tay.
851 3470 1029 3524 ela-on.
1081 3471 1408 3526 Inter·vivos
1425 3472 1660 3527 occurrit
1676 3473 1779 3529 979
1795 3473 1904 3528 Iul.
1925 3474 1960 3528 8
1984 3472 2118 3532 (Do
2131 3472 2217 3526 ΙΙ.
2239 3471 2375 3537 193).
2467 3469 2521 3535 2)
2549 3470 2641 3523 Ea:

382 3541 548 3594 Neer.
575 3540 741 3593 Mers.
881 3539 934 3604 3)
971 3538 1048 3592 II.
1075 3538 1200 3593 Kal.
1229 3538 1557 3605 Decembris,
1585 3539 1642 3594 id
1672 3545 1755 3596 est
1778 3542 1837 3595 in
1865 3539 2166 3595 festivitate
2192 3540 2365 3595 sancti
2393 3538 2639 3595 Andreae

380 3611 526 3662 Anu.
556 3608 640 3661 M.
668 3614 718 3663 et
745 3606 915 3661 Gesta
951 3625 1002 3662 a.
1033 3609 1114 3662 M.
1135 3625 1204 3662 ex
1234 3609 1529 3678 Taqinom's
1556 3609 1823 3665 chronico.
1952 3609 2006 3675 4)
2046 3610 2155 3673 Qui
2177 3609 2321 3664 sedit
2342 3608 2641 3671 965-9843

379 3677 451 3742 ef.
477 3677 660 3732 Vitam
687 3676 804 3730 eius
830 3682 1050 3731 auctore
1067 3676 1335 3746 Siqiberto
1351 3677 1476 3740 (SS.
1494 3681 1535 3734 Ι
1537 3679 1624 3742 V).
1720 3679 1774 3745 5)
1802 3680 1890 3733 De
1916 3679 2268 3733 dissolutione
2294 3681 2643 3748 episcopatus

378 3746 848 3815 Merseburyensis
875 3745 948 3811 cf.
975 3746 1186 3809 Uhlira
1205 3745 1418 3802 ‘Gesch
1439 3748 1492 3801 d.
1510 3747 1681 3802 Erzb.
1698 3748 1913 3816 Maqdss
1952 3747 2105 3803 1887.
2193 3747 2247 3812 6)
2275 3748 2406 3804 Scit.
2426 3764 2492 3802 ea
2504 3761 2643 3814 pars

377 3814 694 3877 dioeceseos,
721 3829 861 3881 quae
889 3815 965 3869 ad
988 3815 1315 3869 occidentem
1334 3816 1487 3882 Sala,
1515 3817 1593 3871 ad
1618 3817 2029 3885 septentrionem
2047 3817 2246 3871 Elstra
2271 3818 2399 3873 inde
2418 3817 2487 3871 ab
2506 3814 2643 3870 ostio

375 3900 444 3937 us
517 3900 545 3937 e
571 3884 650 3939 ad
664 3884 913 3951 Lipsiam
939 3891 990 3938 et
1014 3884 1162 3939 linea
1184 3884 1310 3939 inde
1328 3901 1497 3953 usque
1515 3884 1595 3939 ad
1613 3886 1872 3940 Muldam
1893 3900 2071 3953 prope
2092 3885 2332 3941 Wurzen
2354 3886 2639 3955 perducta,

477 3953 732 4008 orientem
758 3951 978 4019 Mutela,
1016 3953 1092 4007 ad
1117 3953 1396 4007 meridiem
1415 3955 1584 4022 paqis
1610 3954 1796 4008 Plisni
1824 3954 1921 4020 (cf.
1949 3970 2126 4022 supra
2152 3971 2196 4010 c.
2228 3956 2303 4019 1),
2334 3954 2643 4011 Tuchurini

374 4020 550 4083 (eirca
568 4021 829 4091 oppidum
850 4021 1172 4088 Teuchem),
1194 4021 1350 4076 Vedu
1367 4022 1471 4085 (ad
1484 4022 1666 4077 rivum
1701 4024 1921 4087 Wetau)
1942 4024 2351 4079 terminabatur.
2434 4023 2487 4091 7)
2517 4021 2638 4077 Gr.-

376 4091 598 4146 Possna
616 4092 759 4145 inter
773 4091 1003 4159 Leipziy
1021 4096 1072 4145 et
1085 4088 1336 4146 Grimma
1354 4100 1404 4146 et
1418 4092 1617 4146 Pissen
1628 4107 1802 4161 prope
1817 4092 2235 4147 Markranstedt
2244 4112 2263 4161 ‚·
2285 4099 2481 4159 cetera,
2499 4108 2639 4161 quae

374 4161 431 4214 in
452 4160 553 4214 hoe
571 4160 824 4214 districtu
841 4160 1185 4229 episcopatus
1195 4159 1690 4229 propriafaerunt,
1708 4168 1770 4215 at
1787 4161 2083 4227 Ζωεπῖσαα,
2098 4161 2341 4227 Kohren,
2359 4160 2637 4224 Nerehaa‚

376 4234 558 4283 cetera
581 4228 678 4297 (ef.
706 4229 827 4293 III,
859 4232 913 4293 1)
939 4230 998 4282 in
1023 4244 1185 4283 asum
1212 4229 1470 4284 abbatiae
1503 4230 1694 4284 relicta
1727 4229 1984 4285 videntur
2009 4245 2139 4284 esse.
2276 4231 2331 4296 8)
2371 4229 2479 4295 Qui
2502 4229 2641 4284 sedit

375 4297 478 4352 979
494 4324 562 4335 -—-
578 4314 620 4352 e.
653 4299 772 4352 991.
944 4296 998 4363 9)
1057 4298 1189 4352 Non
1223 4298 1332 4353 iam
1372 4303 1549 4353 emetat
1559 4318 1579 4365 ;
1651 4297 1965 4367 Wissebury
2010 4298 2213 4354 dieitur
2248 4300 2309 4354 in
2344 4300 2639 4366 diplomate

377 4366 636 4421 Heinriei
656 4367 742 4420 ΙΙ.
771 4383 826 4421 a.
855 4366 991 4422 1004
1016 4367 1187 4420 Mart.
1215 4368 1249 4421 5
1274 4365 1530 4434 (Stampf
1547 4366 1719 4431 1374).
1845 4366 1931 4432 10)
1963 4370 2180 4423 Lastau
2206 4370 2266 4423 in
2292 4370 2487 4423 dextra
2511 4367 2638 4434 ripa

377 4435 612 4491 Muldae
651 4433 806 4499 infra
840 4436 1108 4491 Rochlitz.
1210 4436 1296 4502 11)
1334 4436 1486 4501 Quae
1517 4437 1605 4492 hie
1641 4437 1707 4491 de
1723 4435 1937 4506 finibus
1965 4439 2109 4505 payi
2141 4438 2336 4493 Θυιάσι·
2357 4436 2637 4493 orientalis
