3100 5050
475 374 576 431 154
1084 375 1490 431 ΤΗΙΕΤΜΑΒΙ
1523 376 1786 433 CHRON.
1855 379 1994 435 LIB.
2030 378 2124 435 VI.

267 538 402 593 1008
644 527 745 595 34.
825 526 1217 595 *Bolizlavus
1269 535 1482 595 autem
1537 530 1782 609 Luzici‚
1836 532 2043 597 Zaral
2096 537 2161 597 et
2214 531 2455 616 Selpuli
2508 532 2716 599 denuo
2747 547 3007 598 *soz-11³2
3081 536 3082 585 ἲ

235 603 440 672 (1007)·
475 619 746 694 occupat
801 619 868 679 et
912 635 1039 679 non
1081 616 1268 698 longe
1324 622 1470 699 post
1513 616 1800 682 Budusin
1854 618 2179 683 civitatem
2265 617 2501 683 residio
2552 618 2723 684 Hiri-

472 699 726 763 manni⁸
782 701 1032 765 comitis
1091 702 1404 766 munitam
1460 722 1640 767 socer
1698 702 1950 768 invidus
2011 724 2195 787 posse
2241 701 2354 769 it2.
2459 703 2721 771 Mittens

471 790 690 849 autem
752 787 1024 851 nuncios
1095 788 1329 852 suimet
1405 787 1689 852 urbanos
1746 789 2061 871 postulat,
2136 796 2211 854 ut
2267 787 2492 854 urbem
2557 790 2722 857 hanc

472 871 609 935 sine
652 875 1068 955 utrorumque
1123 872 1342 937 labore
1395 873 1518 937 sibi
1564 872 1941 939 redderentb
1993 882 2057 939 et
2100 875 2342 939 nullam
2387 896 2426 938 a
2472 876 2721 942 seniore

474 978 590 1023 suo
627 957 1036 1037 ereptionem·
1055 963 1404 1041 sperarent.
1494 958 1597 1023 Fit
1639 980 1767 1043 pax
1802 966 2030 1025 mutua
2064 960 2147 1025 ad
2185 960 2308 1025 VII
2344 959 2499 1027 dies,
2589 961 2720 1027 Iste

470 1048 660 1128 parat
701 1041 1244 1127 impugnationes3
1291 1043 1384 1107 hii
1425 1066 1542 1127 per
1585 1044 1872 1127 legatum
1914 1046 2147 1111 suimet
2191 1068 2231 1111 a
2274 1046 2530 1111 domino
2575 1052 2641 1113 et
2680 1067 2721 1111 a

472 1128 874 1213 principibus
915 1130 1096 1211 regni
1138 1130 1512 1213 suppliciter
1554 1130 1867 1195 auxilium
1910 1139 2202 1213 poscunt,
2247 1152 2316 1197 se
2359 1131 2521 1197 alios
2562 1133 2722 1197 VII⁰

473 1216 610 1281 dies
681 1214 849 1278 hosti
925 1215 1226 1280 resistere
1301 1216 1768 1299 promittentes,
1866 1216 2061 1281 Venit
2130 1218 2411 1282 marchio
2473 1218 2553 1283 H.
2638 1216 2723 1285 ad

473 1299 913 1386 Magadaburg
947 1299 1347 1365 Walterdum
1391 1307 1545 1367 tunc
1591 1303 1975 1385 prepositum
2015 1303 2432 1387 interpellans
2476 1324 2724 1369 omnes-

521 1410 598 1452 ue
652 1386 1014 1470 specialiter
1073 1407 1190 1469 per
1240 1387 1489 1470 legatos
1554 1392 1778 1453 evocat
1833 1388 2166 1472 primates;
2231 1410 2391 1473 quos
2450 1389 2747 1470 multum·

499 1474 602 1539 hic
667 1468 882 1559 tun0]<1
933 1471 1225 1536 tardasse
1278 1472 1683 1538 vehementer
1742 1474 2035 1556 queritur
2102 1482 2167 1539 et
2216 1482 2433 1539 tamen
2487 1476 2721 1541 milites

473 1579 622 1624 suos
677 1579 794 1643 per
848 1557 1283 1623 internuncios
1342 1559 1605 1624 solatur.
1718 1558 1841 1637 Qui
1897 1580 2041 1624 cum
2099 1560 2362 1625 assidua
2417 1560 2722 1626 Bolizlavi

471 1643 952 1727 impugnatione
995 1642 1365 1709 laborarent
1407 1644 1804 1728 viriliterque
1852 1644 1963 1709 diu
1998 1647 2387 1723 resisterent,
2433 1646 2722 1712 videntes

470 1730 811 1795 nonnullos
839 1749 918 1793 ex
943 1730 1138 1793 sociis
1178 1750 1398 1795 eorum
1433 1737 1663 1795 nutare
1690 1728 2143 1815 dominumque
2163 1753 2230 1797 se
2250 1731 2335 1796 ad
2351 1731 2723 1797 liberandos

470 1838 600 1881 non
627 1816 900 1886 venisse,
939 1814 1264 1880 licentiam
1300 1816 1449 1880 hinc
1488 1815 1763 1880 exeundi
1798 1838 1942 1881 cum
1981 1817 2293 1897 omnibuS‚
2331 1838 2497 1900 quae
2527 1818 2724 1883 habe·

472 1902 647 1979 bant,
677 1899 850 1985 apud
867 1899 1094 1965 ducem
1119 1900 1438 1983 prefatum
1465 1902 1881 1986 impetrantes
1915 1901 2139 1968 urbem
2170 1899 2277 1991 [ei]
2304 1902 2725 1969 reddiderunt

471 1988 814 2071 tristesque
856 1986 1135 2069 patriam
1179 1986 1597 2071 repedabant.

289 2095 436 2151 1008,
644 2074 748 2141 35.
804 2070 965 2157 (25.)
1047 2072 1296 2138 Mortuo
1353 2071 1526 2223 apost
1586 2070 1849 2161 pascha]
1913 2074 2319 2139 Treverensis
2372 2075 2724 2141 aecclesiae

233 2186 368 2238 (apr.
387 2187 444 2239 τ).
469 2159 954 2243 archiepiscopo
983 2158 1333 2223 venerabili
1413 2157 1706 2223 iudulfo3
1728 2160 2139 2243 cappellanus
2167 2160 2448 2225 eiusdem
2468 2160 2723 2225 Aethel—

473 2245 680 2325 beroe,
717 2246 920 2309 frater
955 2244 1215 2326 reginae
1252 2250 1318 2309 et
1352 2244 1735 2309 immaturus
1771 2244 2081 2324 iuvenis4‚
2116 2245 2262 2332 plus
2301 2247 2529 2311 timore
2554 2246 2723 2329 regis

471 2353 666 2416 quam
711 2351 927 2396 amore
979 2330 1308 2413 religionis
1362 2330 1784 2395 communiter
1827 2330 2101 2413 eligitur.
2194 2332 2328 2395 Rex
2370 2338 2604 2405 autem,
2650 2338 2725 2397 ut
3081 2400 3082 2409 ,

473 2418 591 2482 hoc
635 2417 902 2496 audivit,
948 2414 1216 2499 *prioris
1259 2436 1387 2481 non
1421 2416 1733 2481 inmemor
1768 2416 1835 2479 in
1871 2438 2174 2499 germano
2212 2416 2498 2483 eiusdem
2533 2418 2719 2483 Thie-
2750 2430 2881 2482 *sot
2902 2436 2995 2479 ιιι.

473 2503 697 2569 drico⁵
765 2524 893 2568 non
972 2501 1437 2586 premeditatae
1515 2503 1991 2568 constitutionis
2081 2523 2348 2568 uxorem
2425 2503 2725 2569 dilectam

474 2596 888 2672 caeterosque
947 2589 1181 2653 suimet
1240 2589 1595 2654 familiares
1657 2588 1735 2654 de
1798 2589 2167 2672 episcopatu
2230 2589 2493 2654 eodemf
2545 2591 2724 2672 inpe-

473 2675 708 2740 trando
783 2674 1091 2740 sollicitos
1163 2675 1402 2759 sprevit
1469 2679 1532 2739 et
1585 2675 1971 2758 Meingaudo
1992 2686 2039 2754 ⁸,
2104 2675 2451 2758 Willigisih
2513 2675 2724 2740 archi-

472 2762 746 2846 presulis
804 2761 1186 2839 camerari0‚
1249 2760 1450 2825 nobili
1506 2760 1857 2825 secundum
1916 2782 2171 2826 carnem
2227 2762 2389 2840 vim,
2454 2761 2724 2826 eundem

474 2846 712 2914 deditss.
803 2848 1074 2928 Propter
1116 2845 1237 2910 hoc
1281 2845 1589 2911 subdolae
1631 2847 2063 2930 generationis
2106 2846 2288 2911 furor
2331 2845 2723 2914 accenditur.

475 2933 708 2999 Palas⁷
772 2954 812 2998 a
873 2931 1381 2998 Trevirensibusi
1463 2936 1688 2996 contra
1756 2953 1970 3015 regem
2030 2931 2329 2997 firmatur
2406 2954 2481 2998 ac
2550 2939 2727 2997 terra

474 3020 635 3085 haec
695 3019 1008 3084 hactenus
1065 3015 1332 3102 pacifica
1407 3015 1650 3082 crebris
1712 3018 2379 3082 concremacionibusk
2434 3019 2727 3102 quatitur

475 3112 558 3188 et,
619 3105 938 3189 quicquitl
994 3104 1088 3168 hii
1139 3103 1396 3168 inmites
1439 3104 1507 3167 in
1566 3102 1896 3168 dominum
1954 3103 2162 3169 lenem
2221 3101 2444 3192 [prius]
2503 3125 2728 3188 pecca-

475 3196 720 3269 verunt,
767 3189 982 3273 equali
1017 3190 1252 3254 lancem
1295 3195 1689 3272 receperunt.
1793 3188 1962 3268 Quid
2004 3187 2099 3253 hii
2142 3209 2363 3254 omnes
2407 3190 2510 3253 hic
2554 3200 2617 3255 et
2657 3191 2725 3255 in

475 3277 696 3342 futuro
723 3277 1016 3340 examine
1044 3274 1282 3339 dicturi
1309 3282 1475 3354 sunt,
1504 3295 1779 3359 quorum
1800 3275 1989 3358 culpa
2006 3274 2359 3340 inef*fabili
2376 3275 2729 3350 aecclesia¹²
2756 3290 2779 3314 *
2802 3302 2853 3342 1»-
2874 3294 2972 3335 816·

474 3369 683 3427 mater
723 3363 1097 3443 incorrupta
1140 3361 1341 3426 tocies
1383 3362 1453 3425 in
1498 3359 1778 3426 filiorum
1824 3362 2062 3424 suimet
2104 3382 2257 3426 nece
2302 3368 2369 3426 et
2414 3361 2727 3444 despolia-

475 3449 658 3513 cione
715 3469 972 3532 gemens
1032 3448 1332 3513 lacrimas
1402 3469 1442 3512 a
1508 3445 1785 3511 maxillis
1855 3445 2317 3512 descendentes
2376 3454 2526 3512 ante
2582 3467 2728 3512 con-

477 3602 522 3654 a)
547 3603 792 3645 heflmanni
826 3603 872 3643 V.
1001 3601 1048 3650 b)
1082 3602 1295 3642 reddeunt
1319 3603 1372 3650 Β,
1400 3613 1504 3641 corr.
1528 3602 1579 3642 Τ.
1710 3599 1751 3649 ο)
1786 3600 1923 3640 littera
1949 3600 1988 3640 V
2014 3611 2136 3640 erasa
2159 3603 2199 3641 1.
2330 3601 2375 3652 d)
2403 3611 2513 3650 quos
2541 3602 2729 3641 multum

479 3665 588 3704 quos
607 3656 794 3695 multum
812 3655 866 3702 Β,
882 3665 994 3696 corr.
1016 3655 1064 3694 Τ.
1171 3656 1212 3704 e)
1241 3653 1510 3694 aethelberto
1528 3654 1581 3704 Β,
1601 3652 1825 3693 athelbero
1843 3650 2030 3692 radendo
2047 3655 2153 3702 αἶρε.
2174 3664 2282 3692 corr.
2301 3656 2343 3694 1.
2448 3653 2485 3704 f)
2512 3653 2653 3694 eidem
2670 3654 2709 3692 Β
2721 3679 2734 3703 ,

477 3719 584 3748 corr.
608 3707 656 3748 Τ.
773 3705 820 3758 g)
845 3706 1075 3756 melngozo
1101 3707 1155 3757 B,
1179 3717 1288 3746 corr.
1311 3706 1362 3746 Τ.
1479 3703 1527 3754 h)
1556 3703 1779 3754 uuilligtso
1797 3704 1850 3754 Β,
1876 3715 1982 3744 corr.
2005 3705 2056 3744 Τ.
2167 3706 2199 3754 i)
2228 3707 2387 3746 trever.
2417 3704 2461 3744 V.
2577 3702 2628 3755 k)
2655 3713 2729 3754 crs

477 3760 579 3799 add.
603 3761 650 3800 Τ.
757 3759 792 3809 1)
817 3759 954 3808 qicqlt
978 3759 1032 3810 Β,
1061 3769 1166 3798 corr.
1190 3758 1238 3797 Τ.
1344 3756 1404 3808 m)
1431 3758 1588 3796 lancea
1614 3757 1653 3795 1.
1758 3755 1809 3804 n)
1835 3755 2023 3813 {cclesig
2050 3757 2090 3796 1.

479 3863 531 3928 1)
570 3863 897 3920 Orientalem
931 3863 1200 3918 Lusatiae
1241 3859 1524 3926 inferioris
1564 3865 1779 3928 partem
1820 3859 1961 3913 inter
1996 3859 2193 3921 fluvios
2228 3860 2423 3915 Neisse
2465 3865 2516 3915 et
2548 3859 2732 3914 Bober

477 3934 628 3990 circa
644 3935 828 3988 urbem
845 3932 1028 3987 Sorau
1044 3933 1220 3985 sitam.
1314 3931 1368 3994 2)
1405 3929 1644 3984 Eosdem
1660 3925 1830 3997 iffitur
1846 3927 1980 3993 fines
1996 3929 2354 3997 recuperavit,
2372 3944 2505 3998 quos
2522 3947 2575 3983 a.
2596 3928 2729 3982 1002

477 4019 610 4058 occu
650 4009 768 4057 atos
785 4020 834 4057 α.
853 4001 988 4056 1004
1004 4006 1054 4055 et
1076 3999 1208 4054 1005
1227 3998 1502 4053 amiserat.
1593 3997 1647 4065 3)
1677 3996 1982 4053 Obiit1008
2002 4003 2142 4065 Apr.
2162 3999 2221 4063 73
2250 3995 2321 4052 ‘J
2316 3997 2486 4052 ahrb?
2500 3999 2591 4062 II,
2613 3997 2729 4051 199.

478 4072 533 4137 4)
667 4087 748 4125 em
795 4070 1024 4138 Usinyer
1055 4067 1326 4130 (valarbss
1362 4067 1414 4130 Ι,
1448 4069 1552 4124 360
1586 4084 1641 4121 n.
1668 4068 1725 4130 3)
1770 4083 1892 4122 cum
1937 4067 2279 4121 Adalberone
2314 4067 2435 4120 III.
2478 4066 2730 4132 episcopo

477 4141 741 4196 Mettensi
772 4140 984 4195 1047—
997 4139 1147 4203 1072,
1187 4136 1465 4191 stiedrici
1497 4136 1654 4192 ducis
1687 4134 2081 4202 Lotharinyiae
2113 4135 2407 4201 supmbris
2440 4133 2573 4201 βῖίο,
2608 4149 2729 4188 con·

478 4209 684 4277 fundit,
719 4209 816 4278 qui
845 4209 960 4263 iam
997 4225 1048 4264 a.
1075 4207 1211 4262 1005
1244 4206 1448 4272 puerili
1479 4211 1657 4262 aetate
1698 4205 1983 4272 episeopus
2020 4203 2339 4257 constitutus
2372 4219 2409 4254 a
2447 4202 2731 4256 Thiecm’oo

478 4277 841 4346 Cuniyundae
875 4276 1052 4344 fratre
1087 4275 1348 4342 expulsus
1384 4281 1518 4330 erat.
1667 4273 1720 4338 5)
1766 4273 2047 4339 Episcopo
2082 4271 2340 4325 Mettensi
2372 4270 2712 4326 1005—1046

477 4347 546 4400 de
589 4362 694 4416 quo
737 4345 808 4412 cf.
853 4345 1184 4414 superiorem
1226 4350 1426 4398 notam.
1592 4342 1645 4409 6)
1700 4342 1809 4405 Qui
1848 4340 1986 4394 sedit
2027 4355 2198 4406 usque
2242 4339 2318 4393 ad
2352 4355 2405 4393 a.
2442 4339 2606 4401 1015;
2662 4309 2732 4405 cf

494 4414 658 4479 VIII,
694 4416 778 4471 26.
916 4413 968 4480 7)
1009 4414 1288 4469 Palatium
1327 4413 1667 4476 Trevirense,·
1706 4409 1779 4475 cf.
1805 4407 2042 4463 ‘Jahrbss
2078 4407 2166 4473 II,
2202 4407 2320 4462 203.
