3100 5050
441 429 511 482 62
1051 425 1450 482 THIETMARI
1485 424 1748 482 CHRON.
1818 425 1955 481 LIB.
1990 426 2097 482 III.

289 593 406 648 982.
443 585 751 658 vestrum,
823 578 1088 645 fratrem
1151 581 1395 646 scilicet
1453 601 1695 657 meum,
1764 586 2037 658 certum,
2109 586 2182 645 ut
2250 600 2463 663 spem,
2535 580 2693 646 meis

439 665 928 731 necessitatibus
956 667 1276 733 amicum.‘
1347 666 1468 730 His
1495 665 1790 731 dulcibus
1828 665 2158 750 colloquiis
2194 667 2479 749 provisor
2514 668 2695 732 navis

440 751 794 818 delectatus
838 754 1159 818 consensit
1213 758 1280 818 et
1320 751 1583 837 perdius
1627 772 1703 816 ac
1745 773 1986 837 pernox
2030 750 2115 816 ad
2148 751 2516 817 condictum
2552 773 2695 836 per-

439 838 686 921 tingere
742 837 952 904 locum
1009 842 1395 923 properavit.
1502 837 1643 916 Quo
1708 859 1851 902 cum
1913 839 2307 922 propiarent,
2372 837 2695 903 binomius

441 923 549 988 ille
593 924 774 989 iussu
816 925 1204 1007 inperatoris
1247 924 1597 1006 premissus
1641 923 2092 1008 inperatricem
2137 931 2219 1005 et,
2266 925 2376 1008 qui
2431 945 2573 989 cum
2620 945 2696 990 ea

441 1017 599 1084 erat,
656 1009 1104 1075 Thiedricum·
1157 1008 1476 1095 presulem
1524 1016 2143 1091 supramemoratum
2199 1031 2344 1076 cum
2398 1011 2695 1075 somariis

440 1095 736 1180 plurimis
781 1097 970 1180 quasi
1011 1097 1284 1180 pecunia
1329 1097 1671 1161 sarcinatis
1717 1096 1981 1164 vocavit.

611 1185 712 1248 22.
787 1181 976 1247 Greci
1028 1188 1244 1247 autem
1294 1183 1502 1266 primo
1557 1188 1630 1246 ut
1680 1182 2127 1266 inperatricem
2184 1203 2328 1247 cum
2373 1183 2571 1247 tantis
2616 1181 2695 1247 de

441 1267 598 1333 urbe
641 1267 897 1353 prefata
938 1267 1310 1333 muneribus
1367 1267 1540 1333 exire
1594 1268 1905 1346 viderunt,
1951 1267 2301 1333 anchoram
2350 1268 2695 1350 ponentesb

441 1353 846 1419 Thiedricum
874 1355 1230 1419 antistitem
1259 1374 1403 1418 cum
1429 1355 1655 1438 paucis
1683 1355 2137 1419 intromittunt.
2212 1353 2338 1420 Sed
2368 1357 2699 1438 inperator

441 1447 672 1524 rogatu
715 1441 989 1524 presulis
1032 1440 1185 1505 vilia
1227 1439 1548 1523 deponens
1584 1440 1961 1505 vestimenta
2006 1447 2071 1505 et
2104 1439 2379 1505 induens
2414 1440 2696 1520 meliora,

440 1525 682 1592 viribus
727 1527 862 1592 suis
905 1531 973 1591 et
1015 1531 1154 1591 arte
1189 1524 1458 1590 natandi
1495 1525 1791 1605 confisuS,
1838 1531 1913 1591 ut
1946 1527 2126 1590 stetit
2160 1526 2227 1590 in
2263 1547 2475 1609 prora,
2521 1547 2698 1591 mare

440 1612 744 1678 velociter
803 1611 1071 1678 insiluit.
1187 1611 1388 1690 Quem
1450 1633 1597 1676 cum
1657 1611 1923 1696 quidam
1984 1633 2062 1676 ex
2131 1613 2697 1677 circumstantibus

443 1698 666 1764 Grecis
703 1699 1105 1782 apprehensa
1136 1705 1310 1763 veste
1346 1698 1633 1764 detinere
1668 1702 2083 1780 presumeret,
2121 1697 2447 1780 perfossus
2483 1699 2698 1782 gladio

441 1785 813 1869 Liupponi3‚
852 1785 1090 1868 egregii
1125 1784 1348 1849 militis
1372 1785 1415 1863 ¹,
1450 1791 1804 1850 retrorsum
1842 1783 2093 1849 cecidit.
2183 1783 2569 1868 Fugieru11t0
2604 1785 2696 1848 hii

443 1871 510 1935 in
546 1871 818 1936 alteram
851 1877 1100 1955 partem
1138 1871 1338 1949 naviS,
1385 1871 1592 1935 nostri
1628 1879 1866 1948 autem,
1906 1869 2137 1954 quibus
2172 1869 2299 1935 huc
2338 1869 2695 1949 veniebant,

440 1957 764 2042 puppibus
817 1957 1168 2040 incolumes
1221 1977 1504 2034 cesarem
1551 1956 2049 2040 sequebanturd,
2114 1956 2256 2021 *eos
2310 1955 2543 2022 littoris
2600 1977 2695 2020 se-
2724 1976 2746 2000 *
2766 1979 2848 2028 soz.
2868 1978 2937 2016 46.

445 2044 719 2110 curitate
752 2043 1212 2128 prestolantem
1255 2044 1629 2126 premiaque
1680 2043 1997 2126 promissa
2042 2043 2291 2126 magnis
2325 2041 2697 2107 muneribus

444 2130 690 2194 Danais
759 2129 1024 2213 implere
1093 2130 1454 2212 cupientem
1469 2126 1516 2194 2.
1632 2127 1743 2192 Hii
1808 2149 1957 2193 vero
2029 2129 2299 2193 multum
2368 2129 2697 2213 perterriti

443 2215 1099 2299 promissionibusque
1174 2213 1539 2280 diffidentes
1620 2213 1948 2294 abierunt,
2034 2215 2278 2296 patrios
2340 2221 2698 2298 repetentes

443 2301 632 2382 fines‘
734 2353 972 2437 quique
1017 2351 1164 2418 dolo
1209 2372 1430 2417 omnes
1473 2371 1724 2434 semper
1767 2352 2051 2417 vicerant
2092 2354 2415 2432 naciones,

736 2439 933 2504 simili
977 2460 1046 2504 se
1089 2445 1240 2503 tunc
1286 2437 1542 2504 delusos
1588 2444 1729 2503 arte
1775 2437 2155 2506 sentiebant.

446 2542 702 2621 Quanta
755 2549 971 2607 autem
1023 2542 1285 2608 laeticia
1338 2563 1379 2606 a
1436 2541 1841 2626 presentibus
1899 2547 2246 2626 posteaque
2298 2540 2699 2607 venientibus
2774 2538 2781 2546 ’

445 2630 796 2711 imperator
841 2635 1176 2713 susceptus
1221 2628 1323 2707 sit,
1371 2626 1692 2710 explicare
1736 2647 1865 2692 non
1909 2626 2109 2693 valeo.

617 2716 718 2782 23.
776 2714 938 2801 (13.)
1010 2713 1135 2779 Sed
1187 2720 1262 2778 ut
1312 2714 1380 2779 in
1434 2713 1756 2792 omnibus,
1818 2714 2023 2779 lector
2075 2714 2433 2793 carissime,
2490 2720 2701 2781 certus

446 2800 776 2879 efficiaris,
842 2799 1216 2866 salandria—⁹·
1275 2799 1431 2883 quid
1487 2800 1636 2879 sit0,
1699 2801 1799 2864 vel
1854 2821 1967 2865 cur
2022 2799 2106 2864 ad
2163 2799 2283 2865 has
2343 2802 2703 2885 pervenerit

446 2888 660 2967 horae,
719 2887 994 2952 breviter
1037 2885 1368 2953 intimabo,
1459 2885 1635 2951 Haec
1680 2892 1801 2966 est,
1855 2893 1927 2951 ut
1970 2884 2261 2969 prefatus
2306 2907 2465 2965 sum,
2522 2888 2701 2951 navis
2801 2942 2812 2949 .

443 2973 646 3038 mirae
708 2973 1128 3057 longitudinis
1205 2978 1271 3037 et
1330 2972 1727 3037 alacritatisf
1802 2978 1867 3036 et
1938 2977 2211 3055 utroque
2273 2972 2476 3038 latere
2536 2973 2701 3038 duos

443 3066 668 3125 tenens
745 3080 1064 3125 remorum
1137 3057 1395 3124 ordines
1465 3079 1543 3122 ac
1604 3063 1859 3123 centum
1925 3058 2391 3142 quinquaginta
2448 3067 2701 3125 nautae.

444 3146 711 3211 Duabus
765 3146 886 3211 hoc
937 3165 1132 3209 unum
1187 3150 1330 3209 erat
1381 3164 1611 3209 nomen
1660 3143 1959 3221 navibuS,
2024 3165 2190 3226 quae
2241 3146 2423 3210 iussu
2472 3145 2704 3211 basilei

445 3231 829 3316 Nicaphoris
867 3230 1235 3296 Calabriam
1270 3232 1596 3314 petierunt
1633 3229 1970 3313 colligendi
2006 3230 2220 3314 gratia
2246 3230 2497 3310 tributi3
2537 3253 2703 3315 quae

445 3319 598 3383 licet
641 3318 929 3383 Romano
974 3317 1339 3402 specialiter
1391 3317 1632 3382 serviat
1684 3316 1955 3399 inperi0‚
2015 3323 2231 3381 tamen
2283 3339 2361 3382 ne
2415 3316 2701 3401 aliquam

445 3425 486 3469 a
524 3404 748 3469 Grecis
790 3404 1125 3489 paciatur&
1167 3401 1545 3483 molestiam,
1594 3402 1740 3466 auri
1774 3401 2063 3467 debitum
2100 3404 2447 3487 quotannis
2483 3404 2703 3467 volun-

445 3490 612 3555 tarie
679 3489 986 3574 persolvit
1046 3488 1788 3573 constantinopolitanis.
1903 3488 2244 3572 Inperator
2305 3495 2519 3554 autem
2585 3488 2703 3553 has

446 3578 770 3641 venientes
848 3574 1532 3659 inextinguibilemque
1617 3574 1699 3639 ab
1776 3574 1950 3640 omni
2028 3596 2098 3639 re
2167 3581 2383 3659 preter
2451 3582 2704 3640 acetum

447 3662 724 3727 ferentes
786 3664 992 3746 ignem
1066 3661 1194 3726 sibi
1247 3662 1578 3726 coniunxit
1638 3665 1702 3724 et
1754 3661 1821 3723 in
1851 3682 2050 3725 mare
2103 3661 2186 3725 ad
2240 3660 2705 3727 comburendas

449 3750 914 3815 Saracenorum
960 3747 1186 3813 *naves
1232 3748 1581 3813 conductas
1633 3745 1889 3813 direxit.
1989 3747 2275 3825 Quarum
2328 3769 2485 3827 una,
2540 3750 2706 3813 sicut
2732 3760 2855 3812 *s01-
2874 3762 2952 3802 46¹-

447 3835 718 3920 predixi,
757 3836 1082 3917 suscipere
1119 3833 1434 3900 devictum
1471 3832 1741 3899 eundem
1778 3833 2113 3912 recusavit,
2152 3855 2266 3899 seu
2299 3835 2381 3899 ob
2409 3835 2704 3919 ignoran-

450 3985 476 4013 a
522 3974 788 4013 thredrlcum
817 3976 856 4014 1.
961 3971 1008 4024 b)
1035 3973 1097 4013 ita
1125 3973 1177 4022 1⁷3
1214 3982 1380 4022 ponens
1406 3970 1460 4011 A.
1584 3970 1629 4021 c)
1655 3972 1669 4010 i
1698 3980 1863 4012 erasum
1888 3974 1927 4011 1.
2041 3971 2088 4020 d)
2117 3972 2413 4021 aequabantur
2437 3973 2489 4023 A,
2516 3985 2623 4013 corr.
2654 3974 2702 4013 T.

449 3973 495 4077 οξ
522 4026 587 4065 ita
613 4026 663 4075 V3
689 4026 850 4076 quisslt
874 4026 925 4067 A.
1029 4023 1067 4076 f)
1094 4024 1338 4064 aulai-itatis
1366 4034 1474 4063 corr.
1501 4022 1718 4063 claritatis
1746 4025 1783 4065 1.
1889 4021 1937 4074 g)
1964 4024 2193 4073 paciantur
2219 4025 2270 4064 A.

453 4129 504 4195 1)
543 4128 655 4197 Qui
687 4130 909 4197 Liuppo
944 4128 1055 4182 sive
1091 4128 1259 4206 Liebo
1295 4134 1345 4181 et
1381 4128 1682 4206 cantalenas
1714 4128 1800 4182 illi
1834 4128 2106 4195 perditae,
2152 4146 2291 4197 quae
2326 4130 2391 4184 de
2424 4130 2511 4183 his
2544 4130 2708 4183 rebus

449 4199 714 4262 exstabat,
763 4206 814 4253 et
862 4198 931 4264 ei,
979 4212 1120 4267 quae
1169 4213 1229 4249 m
1279 4196 1497 4276 modum
1543 4197 1693 4251 allius
1736 4196 2031 4264 composita
2076 4197 2153 4277 αᾷ
2193 4203 2434 4280 nostram
2477 4204 2708 4277 aetatem

445 4269 705 4390 mm?
721 4265 1576 4397 ὥωθιῖἱαῗῗῗᾯῶῧθῆῗπίπῧῗ·
1613 4265 2709 4403 Βώὲθῖῃῖῥέιαιέἕῗᾶἕωίὲῗααὲἱθᾶἕ

447 4352 754 4529 ξοῖὀῗωξαίο
781 4404 1038 4527 Rosjsano
1065 4404 1228 4471 deyit.
1262 4406 1329 4457 L.
1425 4402 1480 4467 3)
1518 4401 1855 4457 C'kela-ndn'a
1880 4404 2033 4470 apud
2048 4404 2398 4472 Liudprand.
2433 4404 2556 4467 (SS.
2576 4404 2706 4468 III)

508 4513 525 4541 ‚
564 4490 609 4527 c.
691 4491 800 4543 sqq.
900 4504 934 4528 A.
2115 4512 2119 4517 -
