3100 5050
397 456 475 509 VI
1093 453 1220 508 ΤΗΙ
1228 453 1508 508 ΕΤΜΑΒΙ
1543 452 1980 508 CHRONICON.

399 608 506 672 Εω
545 609 806 694 proavis
851 618 1070 671 auctor
1111 608 1270 672 duos
1308 606 1514 694 affert,
1559 617 1881 692 utrumque
1923 607 2318 672 Liutharium
2359 610 2599 674 nomine
2617 607 2661 675 ¹.

404 710 682 786 Quorum
719 711 984 774 alterum
1023 709 1349 774 Liutharii
1383 711 1490 773 avi
1524 711 1657 774 eius
1686 721 1929 795 patrem
1951 711 2163 796 j'uisse
2198 722 2661 775 consentaneum

398 825 507 896 est,
551 815 816 879 alterum
865 813 1166 877 Heinrico
1206 823 1452 898 patrem
1495 812 1860 891 tribuemus,
1908 823 2240 898 propterea
2284 815 2444 898 quod
2488 816 2664 877 avia-

400 940 537 981 rum
588 917 936 980 Thietmari
972 915 1268 1002 patribus
1312 915 1448 978 alia
1494 916 1750 979 nomina
1779 916 1993 1000 fuisse
2027 915 2283 980 aliunde
2327 916 2663 1002 colliqitur.

403 1021 749 1084 Matertera
775 1019 938 1083 enim
971 1017 1305 1103 Siqifridi,
1343 1018 1387 1080 i.
1409 1039 1455 1080 e.
1497 1039 1676 1081 soror
1700 1017 2100 1099 Mahthildis,
2136 1019 2455 1082 Emnildis
2490 1041 2669 1103 quae-

398 1124 548 1186 dam
606 1120 1104 1186 sanctimonialis
1153 1118 1748 1204 Quedlinburyensis
1791 1119 2000 1204 fuisse
2042 1112 2328 1205 fertur2,
2389 1143 2545 1206 quae
2598 1121 2667 1184 in

401 1223 762 1288 Annalibus
811 1221 1483 1307 Queellinburyensibus
1538 1219 1689 1306 (SS.
1730 1221 1872 1306 III)
1929 1244 1987 1287 a.
2040 1223 2181 1290 991.
2228 1222 2487 1288 Emnild
2530 1222 2667 1288 filia

399 1326 721 1392 Brunonis
784 1325 1037 1391 elicitur.
1142 1325 1353 1410 Iyitur
1415 1324 1599 1387 Brun
1660 1347 1852 1388 comes
1910 1325 2429 1411 Arneburqensis,
2492 1350 2666 1411 quem

401 1453 461 1496 a.
502 1430 646 1496 978.
695 1428 853 1491 Νου.
893 1427 994 1492 30.
1035 1435 1341 1490 mortuum
1378 1448 1502 1490 esse
1547 1425 1938 1490 Thietmarus
1972 1427 2186 1512 refert,
2226 1451 2502 1512 proavus
2536 1430 2668 1493 eius

397 1543 456 1596 et
495 1541 684 1616 pater
717 1528 1099 1593 mahthildis
1135 1529 1378 1591 videtur
1408 1527 1637 1612 fuisse.
1720 1529 2015 1592 Iuthittae
2060 1541 2261 1593 autem
2303 1541 2486 1615 pater
2530 1533 2671 1617 quis

387 1634 618 1720 fuerit,
657 1656 734 1698 σω
771 1633 879 1696 hoc
903 1632 1308 1717 perspicimur,
1344 1630 1509 1715 quod
1533 1631 1760 1695 matris
1784 1653 1933 1694 suae
1960 1632 2349 1713 avunculum,
2380 1634 2672 1698 Iuthittae

399 1737 602 1822 i9itur
643 1736 945 1819 fratrem,
998 1734 1394 1798 Thietmarus
1447 1733 1732 1817 appellat
1787 1732 2058 1797 Udonem
2121 1735 2334 1798 ducem
2395 1737 2520 1800 sive
2578 1758 2670 1799 co-

400 1840 604 1903 mitem
644 1861 705 1904 a.
745 1839 888 1904 982.
937 1837 1007 1900 in
1049 1833 1358 1900 Calabria
1401 1836 1663 1899 occisum
1680 1835 1731 1916 3,
1777 1859 1951 1921 quem
1986 1836 2222 1902 Udonis
2267 1838 2508 1902 comitis
2544 1839 2670 1902 sive

401 1943 580 2006 ducis
637 1940 954 2004 Franciae
1017 1939 1344 2003 orientalis
1401 1962 1458 2004 a.
1503 1939 1647 2005 949.
1708 1940 1941 2002 mortui
1978 1939 2194 2022 filium
2242 1939 2453 2025 fuisse
2514 1942 2670 2005 satis

401 2035 698 2108 constat4.

576 2163 796 2227 Nobili
829 2163 1032 2247 iqitur
1067 2162 1197 2225 loco
1232 2171 1418 2224 natus
1454 2159 1849 2225 Thietmarus
1884 2185 2020 2226 cum
2054 2163 2461 2228 nobilissimis
2495 2174 2674 2248 atque

396 2265 936 2354 praeclarissimis
989 2264 1218 2328 aetatis
1269 2285 1419 2326 suae
1461 2263 1621 2326 viris
1676 2265 2038 2349 coynatione
2081 2267 2437 2328 coniunctus
2466 2266 2610 2351 fuit
2623 2267 2669 2329 ⁵.

407 2371 683 2434 Patruus
753 2368 892 2432 eius
963 2366 1362 2446 Liutharius,
1444 2366 1621 2429 cuius
1692 2389 1890 2451 supra
1958 2369 2319 2432 mentionem
2374 2367 2672 2452 fecimus,

411 2472 745 2539 Thiedrico
788 2470 1148 2535 marchione
1182 2492 1242 2534 a.
1275 2468 1418 2536 985.
1459 2477 1697 2533 mortuo
1733 2470 2051 2535 marchiae
2088 2471 2454 2555 aquilonari
2492 2492 2674 2555 prae-

389 2576 602 2662 fectus
643 2585 748 2652 est,
797 2596 1005 2658 quam,
1052 2594 1191 2634 cum
1227 2594 1286 2637 a.
1331 2572 1514 2637 1003.
1562 2594 1639 2635 ex
1681 2572 1813 2635 vita
1847 2572 2220 2653 decederetf’,
2278 2574 2671 2638 Wirinhario

384 2677 534 2763 filio
577 2699 655 2740 eae
704 2674 944 2739 &odila
1005 2673 1388 2737 Wirinlzarii
1413 2672 1572 2757 filia
1614 2675 1819 2759 qenito
1862 2686 1918 2739 et
1961 2698 2093 2739 cum
2146 2675 2502 2762 Liutqarda
2546 2675 2673 2738 Ek-

403 2779 669 2843 kinardi
710 2777 1096 2840 marchionis
1137 2776 1507 2841 Misniensis
1541 2776 1699 2859 filia
1752 2779 2151 2842 matrimonio
2204 2778 2529 2863 copulato⁷
2584 2802 2674 2843 re-

405 2883 607 2968 liquit.
711 2881 972 2944 Praeter
1015 2879 1198 2944 illum
1263 2879 1590 2942 Liutlzarii
1630 2878 1772 2962 filii
1817 2879 2085 2964 fuerunt
2144 2879 2560 2944 Berhtoldus8
2621 2891 2675 2944 et

413 2985 783 3049 Thiedricus
819 2983 1078 3047 clericus
1111 2992 1169 3046 et
1203 2980 1569 3068 capellanus
1604 2983 1772 3068 reqis
1785 2982 1831 3063 9,
1862 2982 2016 3065 filia
2054 2992 2274 3060 autem,
2310 2993 2379 3045 ut
2412 2983 2676 3062 videtur,

408 3087 693 3173 Briqida
747 3086 1066 3149 abbatissa
1121 3083 1186 3152 S.
1227 3084 1563 3147 Laurentii
1612 3083 2171 3169 Maydeburyensis
2187 3083 2263 3151 ¹⁰.
2356 3085 2680 3149 Liutlzarii

405 3202 462 3256 et
504 3188 822 3276 Siqifrioli
864 3210 1042 3255 soror
1072 3188 1215 3273 fuit
1259 3186 1416 3250 Eila
1457 3188 1584 3251 sive
1628 3185 1938 3266 Eilsuith,
1998 3209 2153 3271 quae
2199 3176 2539 3253 Berlaetoldo
2585 3210 2679 3252 (το-

406 3396 458 3462 1)
495 3397 556 3461 I,
596 3398 691 3451 10.-
765 3394 868 3449 duo
921 3395 1082 3449 abavi
1130 3394 1237 3448 mei
1288 3409 1392 3447 uno
1439 3392 1678 3457 nomine,
1733 3392 1874 3463 quod
1923 3392 2175 3446 Lintheri
2222 3397 2404 3460 sonat,
2457 3394 2677 3461 signati.

404 3484 457 3549 2)
494 3483 604 3548 IV,
645 3484 737 3537 16.-
777 3483 833 3536 in
871 3479 1332 3548 Quidelingeburg
1368 3478 1509 3546 apud
1543 3496 1697 3533 suam
1734 3478 2042 3548 (Siyifridt)
2075 3481 2421 3534 materteram
2468 3480 2679 3533 nomine

409 3567 733 3623 Emnildam.
907 3567 962 3632 3)
1011 3567 1140 3632 III,
1191 3567 1288 3621 20.-
1359 3564 1603 3619 Udonem
1657 3563 1839 3618 ducem
1897 3563 2087 3617 matris
2141 3581 2291 3619 meae
2345 3564 2678 3619 avunculum.

407 3654 462 3719 4)
503 3655 626 3707 Hoc
660 3654 832 3721 iyitur
867 3659 1089 3707 stemma
1128 3651 1424 3707 Thietmari
1443 3650 1588 3717 suit:

545 3738 878 3793 Liutharius
1188 3738 1351 3790 Brun
1713 3735 2043 3791 Liutharius
2358 3736 2476 3790 Udo

542 3808 678 3848 Walb.
733 3805 761 3855 †
787 3806 880 3845 989.
1051 3815 1154 3843 com.
1175 3803 1278 3843 Am.
1335 3802 1364 3852 †
1391 3803 1484 3843 978.
1672 3802 1889 3842 Stadensis
1938 3803 1966 3853 †
1995 3804 2088 3843 929.
2247 3814 2347 3842 com.
2402 3802 2432 3849 †
2458 3803 2549 3843 949.

546 3855 876 3982 Liuth'arius
1119 3924 1190 3976 M
1187 3854 1448 3979 ahlhildis
1721 3854 2023 3978 Heinlicus
2289 3854 2527 3979 Iutlu'tta

547 3995 678 4037 Walb.
734 3993 762 4041 Ἰ·
789 3994 883 4034 964.
1209 3990 1238 4039 Ἰ-
1265 3992 1362 4032 992.
1754 4003 1853 4031 omn.
1876 3992 1997 4031 Stad.

753 4078 1204 4196 mgissssridffssffi
1932 4078 2264 4195 Gunigeulnda

1371 4233 1719 4289 Thietmarus

1404 4303 1532 4350 episc.
1554 4303 1681 4342 Mers.

407 4391 462 4457 5)
513 4392 570 4445 V.
607 4395 894 4446 stemmata
929 4404 982 4455 p.
1010 4388 1180 4443 VIII.
1319 4386 1373 4453 6)
1416 4388 1546 4455 VII,
1584 4388 1668 4442 26.
1808 4386 1861 4452 7)
1900 4386 2007 4450 IV,
2041 4386 2263 4450 39-42,
2304 4386 2436 4451 VII,
2464 4383 2686 4439 24—26.

329 4531 335 4535 .
407 4477 461 4543 8)
516 4477 681 4539 VIII,
718 4477 812 4530 53.-
869 4474 1192 4529 Bertholdus
1230 4473 1501 4527 Lintharii
1547 4472 1708 4526 filius.
1864 4471 1920 4536 9)
1971 4471 2139 4537 VIII,
2175 4470 2225 4523 7.
2385 4469 2471 4534 10)
2509 4470 2561 4537 I,
2601 4472 2683 4525 12.
