<?xml version="1.0" encoding="UTF-8"?>
<!DOCTYPE html PUBLIC "-//W3C//DTD XHTML 1.0 Transitional//EN"
    "http://www.w3.org/TR/xhtml1/DTD/xhtml1-transitional.dtd">
<html xmlns="http://www.w3.org/1999/xhtml" xml:lang="en" lang="en">
 <head>
  <title>
</title>
<meta http-equiv="Content-Type" content="text/html;charset=utf-8" />
  <meta name='ocr-system' content='tesseract 3.04.00' />
  <meta name='ocr-capabilities' content='ocr_page ocr_carea ocr_par ocr_line ocrx_word'/>
</head>
<body>
  <div class='ocr_page' id='page_1' title='image "./thietmarimerseb00lappgoog_0250.png"; bbox 0 0 3100 5050; ppageno 0'>
   <div class='ocr_carea' id='block_1_1' title="bbox 467 420 2237 488">
    <p class='ocr_par' dir='ltr' id='par_1_1' title="bbox 467 420 2237 488">
     <span class='ocr_line' id='line_1_1' title="bbox 467 420 2237 488; baseline -0.003 -7"><span class='ocrx_word' id='word_1_1' title='bbox 467 425 569 481; x_wconf 74' lang='lat'>230</span> <span class='ocrx_word' id='word_1_2' title='bbox 954 421 1357 478; x_wconf 83' lang='lat' dir='ltr'><strong>THIETMARI</strong></span> <span class='ocrx_word' id='word_1_3' title='bbox 1391 421 1654 480; x_wconf 78' lang='lat' dir='ltr'>CHRON.</span> <span class='ocrx_word' id='word_1_4' title='bbox 1722 421 1862 477; x_wconf 87' lang='lat' dir='ltr'>LIB.</span> <span class='ocrx_word' id='word_1_5' title='bbox 1899 420 2034 476; x_wconf 88' lang='lat' dir='ltr'><strong>VIII</strong></span> <span class='ocrx_word' id='word_1_6' title='bbox 2069 420 2237 488; x_wconf 85' lang='lat' dir='ltr'><strong>(VII).</strong></span> 
     </span>
    </p>
   </div>
   <div class='ocr_carea' id='block_1_2' title="bbox 224 571 3005 4179">
    <p class='ocr_par' dir='ltr' id='par_1_2' title="bbox 280 571 2714 729">
     <span class='ocr_line' id='line_1_2' title="bbox 280 571 2714 660; baseline -0.003 -18"><span class='ocrx_word' id='word_1_7' title='bbox 280 588 430 644; x_wconf 81' lang='lat'>1017.</span> <span class='ocrx_word' id='word_1_8' title='bbox 468 576 920 660; x_wconf 77' lang='lat' dir='ltr'><strong>quantitatem,</strong></span> <span class='ocrx_word' id='word_1_9' title='bbox 978 597 1121 643; x_wconf 92' lang='lat' dir='ltr'>cum</span> <span class='ocrx_word' id='word_1_10' title='bbox 1174 576 1569 642; x_wconf 80' lang='lat' dir='ltr'>execranda·</span> <span class='ocrx_word' id='word_1_11' title='bbox 1619 574 1946 658; x_wconf 78' lang='lat' dir='ltr'><strong>gentilitas</strong></span> <span class='ocrx_word' id='word_1_12' title='bbox 1997 572 2087 638; x_wconf 94' lang='lat' dir='ltr'>ibi</span> <span class='ocrx_word' id='word_1_13' title='bbox 2135 578 2575 650; x_wconf 79' lang='lat' dir='ltr'>veneraretur,</span> <span class='ocrx_word' id='word_1_14' title='bbox 2629 571 2714 636; x_wconf 92' lang='lat' dir='ltr'>ab</span> 
     </span>
     <span class='ocr_line' id='line_1_3' title="bbox 465 661 1767 729; baseline 0.002 -3"><span class='ocrx_word' id='word_1_15' title='bbox 465 661 692 727; x_wconf 88' lang='lat' dir='ltr'>incolis</span> <span class='ocrx_word' id='word_1_16' title='bbox 735 661 1029 728; x_wconf 90' lang='lat' dir='ltr'>omnibus</span> <span class='ocrx_word' id='word_1_17' title='bbox 1074 662 1265 727; x_wconf 89' lang='lat' dir='ltr'>nimis</span> <span class='ocrx_word' id='word_1_18' title='bbox 1308 662 1767 729; x_wconf 76' lang='lat' dir='ltr'><strong>honorabatur.</strong></span> 
     </span>
    </p>

    <p class='ocr_par' dir='ltr' id='par_1_3' title="bbox 456 742 2974 2030">
     <span class='ocr_line' id='line_1_4' title="bbox 634 742 2715 832; baseline -0.003 -19"><span class='ocrx_word' id='word_1_19' title='bbox 634 748 736 814; x_wconf 89' lang='grc'>60.</span> <span class='ocrx_word' id='word_1_20' title='bbox 825 746 1161 832; x_wconf 87' lang='lat' dir='ltr'>Inperator</span> <span class='ocrx_word' id='word_1_21' title='bbox 1222 755 1439 813; x_wconf 87' lang='lat' dir='ltr'>autem</span> <span class='ocrx_word' id='word_1_22' title='bbox 1499 754 1647 832; x_wconf 91' lang='lat' dir='ltr'>post</span> <span class='ocrx_word' id='word_1_23' title='bbox 1707 753 1840 811; x_wconf 88' lang='lat' dir='ltr'>tres</span> <span class='ocrx_word' id='word_1_24' title='bbox 1901 744 2038 810; x_wconf 90' lang='lat' dir='ltr'>dies</span> <span class='ocrx_word' id='word_1_25' title='bbox 2097 743 2183 811; x_wconf 90' lang='lat' dir='ltr'>ad</span> <span class='ocrx_word' id='word_1_26' title='bbox 2243 742 2511 809; x_wconf 88' lang='lat' dir='ltr'>eandem</span> <span class='ocrx_word' id='word_1_27' title='bbox 2571 762 2715 806; x_wconf 89' lang='lat' dir='ltr'>cum</span> 
     </span>
     <span class='ocr_line' id='line_1_5' title="bbox 464 828 2718 913; baseline -0.002 -17"><span class='ocrx_word' id='word_1_28' title='bbox 464 834 749 899; x_wconf 88' lang='lat' dir='ltr'>exercitu</span> <span class='ocrx_word' id='word_1_29' title='bbox 782 832 993 899; x_wconf 91' lang='lat' dir='ltr'>valido</span> <span class='ocrx_word' id='word_1_30' title='bbox 1032 834 1292 898; x_wconf 85' lang='lat' dir='ltr'>veniens</span> <span class='ocrx_word' id='word_1_31' title='bbox 1336 833 1569 898; x_wconf 87' lang='lat' dir='ltr'>castris</span> <span class='ocrx_word' id='word_1_32' title='bbox 1604 832 1874 899; x_wconf 90' lang='lat' dir='ltr'>eandem</span> <span class='ocrx_word' id='word_1_33' title='bbox 1907 830 2412 913; x_wconf 80' lang='lat' dir='ltr'>undiquessecus</span> <span class='ocrx_word' id='word_1_34' title='bbox 2448 828 2718 894; x_wconf 89' lang='lat' dir='ltr'>circum-</span> 
     </span>
     <span class='ocr_line' id='line_1_6' title="bbox 464 915 2713 1003; baseline -0.002 -21"><span class='ocrx_word' id='word_1_35' title='bbox 464 918 608 983; x_wconf 87' lang='lat' dir='ltr'>dari</span> <span class='ocrx_word' id='word_1_36' title='bbox 650 918 847 995; x_wconf 88' lang='lat' dir='ltr'>iubet,</span> <span class='ocrx_word' id='word_1_37' title='bbox 902 939 1172 1003; x_wconf 88' lang='lat' dir='ltr'>sperans</span> <span class='ocrx_word' id='word_1_38' title='bbox 1214 920 1309 984; x_wconf 89' lang='lat' dir='ltr'>sic</span> <span class='ocrx_word' id='word_1_39' title='bbox 1351 939 1602 985; x_wconf 88' lang='lat' dir='ltr'>omnem</span> <span class='ocrx_word' id='word_1_40' title='bbox 1645 918 1816 984; x_wconf 88' lang='lat' dir='ltr'>hosti</span> <span class='ocrx_word' id='word_1_41' title='bbox 1859 937 1977 982; x_wconf 88' lang='lat' dir='ltr'>suo</span> <span class='ocrx_word' id='word_1_42' title='bbox 2021 915 2320 981; x_wconf 77' lang='lat' dir='ltr'>claudere</span> <span class='ocrx_word' id='word_1_43' title='bbox 2363 933 2713 979; x_wconf 85' lang='lat' dir='ltr'>accessum.</span> 
     </span>
     <span class='ocr_line' id='line_1_7' title="bbox 465 998 2974 1087; baseline -0.003 -17"><span class='ocrx_word' id='word_1_44' title='bbox 465 1005 735 1087; x_wconf 77' lang='lat' dir='ltr'>Sapiens</span> <span class='ocrx_word' id='word_1_45' title='bbox 797 1005 1083 1071; x_wconf 89' lang='lat' dir='ltr'>eiusdem</span> <span class='ocrx_word' id='word_1_46' title='bbox 1145 1004 1481 1071; x_wconf 88' lang='lat' dir='ltr'>consilium</span> <span class='ocrx_word' id='word_1_47' title='bbox 1542 1010 1609 1070; x_wconf 93' lang='lat' dir='ltr'>et</span> <span class='ocrx_word' id='word_1_48' title='bbox 1668 1007 1732 1069; x_wconf 91' lang='lat' dir='ltr'>in</span> <span class='ocrx_word' id='word_1_49' title='bbox 1795 1001 2116 1070; x_wconf 79' lang='lat' dir='ltr'>omni*bus</span> <span class='ocrx_word' id='word_1_50' title='bbox 2187 1000 2360 1067; x_wconf 89' lang='lat' dir='ltr'>bona</span> <span class='ocrx_word' id='word_1_51' title='bbox 2419 998 2718 1064; x_wconf 88' lang='lat' dir='ltr'>voluntas</span> <span class='ocrx_word' id='word_1_52' title='bbox 2745 1033 2771 1055; x_wconf 63' lang='grc' dir='ltr'>ια</span> <span class='ocrx_word' id='word_1_53' title='bbox 2801 1047 2855 1084; x_wconf 63' lang='lat' dir='ltr'>p,</span> <span class='ocrx_word' id='word_1_54' title='bbox 2875 1035 2974 1076; x_wconf 64' lang='lat'>355,</span> 
     </span>
     <span class='ocr_line' id='line_1_8' title="bbox 461 1085 2716 1175; baseline -0.002 -21"><span class='ocrx_word' id='word_1_55' title='bbox 461 1090 732 1156; x_wconf 91' lang='lat' dir='ltr'>multum</span> <span class='ocrx_word' id='word_1_56' title='bbox 793 1089 883 1155; x_wconf 89' lang='lat' dir='ltr'>ibi</span> <span class='ocrx_word' id='word_1_57' title='bbox 942 1089 1303 1175; x_wconf 84' lang='lat' dir='ltr'>prodesset,</span> <span class='ocrx_word' id='word_1_58' title='bbox 1364 1091 1421 1156; x_wconf 90' lang='lat' dir='ltr'>si</span> <span class='ocrx_word' id='word_1_59' title='bbox 1481 1092 1549 1156; x_wconf 90' lang='lat' dir='ltr'>in</span> <span class='ocrx_word' id='word_1_60' title='bbox 1611 1088 1964 1156; x_wconf 88' lang='lat' dir='ltr'>efficiendis</span> <span class='ocrx_word' id='word_1_61' title='bbox 2016 1087 2212 1153; x_wconf 86' lang='lat' dir='ltr'>rebus</span> <span class='ocrx_word' id='word_1_62' title='bbox 2261 1085 2716 1152; x_wconf 74' lang='lat' dir='ltr'>auxiliantium</span> 
     </span>
     <span class='ocr_line' id='line_1_9' title="bbox 463 1175 2715 1256; baseline -0.003 -15"><span class='ocrx_word' id='word_1_63' title='bbox 463 1176 588 1241; x_wconf 90' lang='lat' dir='ltr'>sibi</span> <span class='ocrx_word' id='word_1_64' title='bbox 632 1175 903 1242; x_wconf 88' lang='lat' dir='ltr'>affectus</span> <span class='ocrx_word' id='word_1_65' title='bbox 949 1177 1118 1242; x_wconf 89' lang='lat' dir='ltr'>hunc</span> <span class='ocrx_word' id='word_1_66' title='bbox 1160 1175 1513 1244; x_wconf 88' lang='lat' dir='ltr'>adiuvaret.</span> <span class='ocrx_word' id='word_1_67' title='bbox 1603 1176 1790 1241; x_wconf 87' lang='lat' dir='ltr'>Nunc</span> <span class='ocrx_word' id='word_1_68' title='bbox 1833 1183 2050 1239; x_wconf 87' lang='lat' dir='ltr'>autem</span> <span class='ocrx_word' id='word_1_69' title='bbox 2094 1193 2212 1256; x_wconf 89' lang='lat' dir='ltr'>per</span> <span class='ocrx_word' id='word_1_70' title='bbox 2246 1191 2469 1236; x_wconf 89' lang='lat' dir='ltr'>omnes</span> <span class='ocrx_word' id='word_1_71' title='bbox 2502 1177 2715 1236; x_wconf 85' lang='lat' dir='ltr'>custo-</span> 
     </span>
     <span class='ocr_line' id='line_1_10' title="bbox 463 1259 2716 1346; baseline -0.002 -19"><span class='ocrx_word' id='word_1_72' title='bbox 463 1262 606 1328; x_wconf 87' lang='lat' dir='ltr'>dias</span> <span class='ocrx_word' id='word_1_73' title='bbox 660 1259 1012 1346; x_wconf 88' lang='lat' dir='ltr'>presidium</span> <span class='ocrx_word' id='word_1_74' title='bbox 1071 1262 1219 1326; x_wconf 89' lang='lat' dir='ltr'>urbi</span> <span class='ocrx_word' id='word_1_75' title='bbox 1276 1263 1345 1326; x_wconf 90' lang='lat' dir='ltr'>in</span> <span class='ocrx_word' id='word_1_76' title='bbox 1400 1263 1609 1328; x_wconf 87' lang='lat' dir='ltr'>noctis</span> <span class='ocrx_word' id='word_1_77' title='bbox 1671 1261 1930 1328; x_wconf 90' lang='lat' dir='ltr'>silentio</span> <span class='ocrx_word' id='word_1_78' title='bbox 1992 1259 2336 1326; x_wconf 87' lang='lat' dir='ltr'>advenerat</span> <span class='ocrx_word' id='word_1_79' title='bbox 2394 1277 2716 1341; x_wconf 87' lang='lat' dir='ltr'>magnum.</span> 
     </span>
     <span class='ocr_line' id='line_1_11' title="bbox 461 1343 2715 1432; baseline -0.003 -19"><span class='ocrx_word' id='word_1_80' title='bbox 461 1349 640 1413; x_wconf 90' lang='lat' dir='ltr'>Tunc</span> <span class='ocrx_word' id='word_1_81' title='bbox 681 1348 1203 1431; x_wconf 81' lang='lat' dir='ltr'>omnigenorumb</span> <span class='ocrx_word' id='word_1_82' title='bbox 1248 1348 1493 1432; x_wconf 87' lang='lat' dir='ltr'>species</span> <span class='ocrx_word' id='word_1_83' title='bbox 1536 1349 2106 1413; x_wconf 85' lang='lat' dir='ltr'>instrumentorum</span> <span class='ocrx_word' id='word_1_84' title='bbox 2150 1366 2191 1410; x_wconf 91' lang='lat' dir='ltr'>a</span> <span class='ocrx_word' id='word_1_85' title='bbox 2225 1345 2464 1409; x_wconf 86' lang='lat' dir='ltr'>nostris</span> <span class='ocrx_word' id='word_1_86' title='bbox 2498 1343 2715 1427; x_wconf 87' lang='lat' dir='ltr'>parari</span> 
     </span>
     <span class='ocr_line' id='line_1_12' title="bbox 460 1428 2716 1518; baseline -0.003 -20"><span class='ocrx_word' id='word_1_87' title='bbox 460 1433 767 1498; x_wconf 87' lang='lat' dir='ltr'>iubentur</span> <span class='ocrx_word' id='word_1_88' title='bbox 828 1441 893 1499; x_wconf 90' lang='lat' dir='ltr'>et</span> <span class='ocrx_word' id='word_1_89' title='bbox 938 1439 1091 1498; x_wconf 83' lang='lat' dir='ltr'>mox</span> <span class='ocrx_word' id='word_1_90' title='bbox 1157 1454 1235 1498; x_wconf 86' lang='lat' dir='ltr'>ex</span> <span class='ocrx_word' id='word_1_91' title='bbox 1284 1441 1473 1518; x_wconf 89' lang='lat' dir='ltr'>parte</span> <span class='ocrx_word' id='word_1_92' title='bbox 1524 1433 1854 1500; x_wconf 86' lang='lat' dir='ltr'>contraria</span> <span class='ocrx_word' id='word_1_93' title='bbox 1907 1431 2033 1497; x_wconf 89' lang='lat' dir='ltr'>hiis</span> <span class='ocrx_word' id='word_1_94' title='bbox 2085 1428 2432 1497; x_wconf 82' lang='lat' dir='ltr'>admodum</span> <span class='ocrx_word' id='word_1_95' title='bbox 2475 1429 2716 1493; x_wconf 84' lang='lat' dir='ltr'>similia</span> 
     </span>
     <span class='ocr_line' id='line_1_13' title="bbox 460 1514 2716 1602; baseline -0.002 -19"><span class='ocrx_word' id='word_1_96' title='bbox 460 1519 777 1585; x_wconf 82' lang='lat' dir='ltr'>videntur.</span> <span class='ocrx_word' id='word_1_97' title='bbox 886 1518 1252 1602; x_wconf 86' lang='lat' dir='ltr'>Numquam</span> <span class='ocrx_word' id='word_1_98' title='bbox 1306 1518 1524 1585; x_wconf 90' lang='lat' dir='ltr'>audivi</span> <span class='ocrx_word' id='word_1_99' title='bbox 1577 1519 1857 1601; x_wconf 86' lang='lat' dir='ltr'>aliquos,</span> <span class='ocrx_word' id='word_1_100' title='bbox 1922 1517 2034 1601; x_wconf 91' lang='lat' dir='ltr'>qui</span> <span class='ocrx_word' id='word_1_101' title='bbox 2085 1515 2338 1581; x_wconf 89' lang='lat' dir='ltr'>meliori</span> <span class='ocrx_word' id='word_1_102' title='bbox 2387 1514 2716 1599; x_wconf 83' lang='lat' dir='ltr'>pacientia</span> 
     </span>
     <span class='ocr_line' id='line_1_14' title="bbox 462 1599 2716 1690; baseline -0.004 -19"><span class='ocrx_word' id='word_1_103' title='bbox 462 1626 539 1671; x_wconf 89' lang='lat' dir='ltr'>ac</span> <span class='ocrx_word' id='word_1_104' title='bbox 581 1604 987 1690; x_wconf 88' lang='lat' dir='ltr'>prudentiori</span> <span class='ocrx_word' id='word_1_105' title='bbox 1028 1603 1297 1670; x_wconf 90' lang='lat' dir='ltr'>consilio</span> <span class='ocrx_word' id='word_1_106' title='bbox 1342 1626 1411 1670; x_wconf 90' lang='lat' dir='ltr'>se</span> <span class='ocrx_word' id='word_1_107' title='bbox 1442 1619 1752 1690; x_wconf 82' lang='lat' dir='ltr'>&#39;umquam</span> <span class='ocrx_word' id='word_1_108' title='bbox 1787 1602 2134 1669; x_wconf 83' lang='lat' dir='ltr'>defendere</span> <span class='ocrx_word' id='word_1_109' title='bbox 2167 1603 2544 1667; x_wconf 89' lang='lat' dir='ltr'>niterentur.</span> <span class='ocrx_word' id='word_1_110' title='bbox 2614 1599 2716 1664; x_wconf 87' lang='lat' dir='ltr'>Ex</span> 
     </span>
     <span class='ocr_line' id='line_1_15' title="bbox 459 1685 2782 1776; baseline 0 -22"><span class='ocrx_word' id='word_1_111' title='bbox 459 1689 910 1776; x_wconf 84' lang='lat' dir='ltr'>parte·‘gentili</span> <span class='ocrx_word' id='word_1_112' title='bbox 954 1710 1207 1756; x_wconf 88' lang='lat' dir='ltr'>crucem</span> <span class='ocrx_word' id='word_1_113' title='bbox 1265 1696 1592 1757; x_wconf 78' lang='lat' dir='ltr'>sanctam⁰</span> <span class='ocrx_word' id='word_1_114' title='bbox 1644 1688 1980 1774; x_wconf 84' lang='lat' dir='ltr'>erigebant</span> <span class='ocrx_word' id='word_1_115' title='bbox 2021 1687 2434 1770; x_wconf 89' lang='lat' dir='ltr'>eiusdemque</span> <span class='ocrx_word' id='word_1_116' title='bbox 2469 1685 2714 1750; x_wconf 88' lang='lat' dir='ltr'>auxilio</span> <span class='ocrx_word' id='word_1_117' title='bbox 2778 1751 2782 1754; x_wconf 77' lang='grc'><strong>,</strong></span> 
     </span>
     <span class='ocr_line' id='line_1_16' title="bbox 460 1774 2714 1861; baseline -0.003 -21"><span class='ocrx_word' id='word_1_118' title='bbox 460 1777 576 1842; x_wconf 91' lang='lat' dir='ltr'>hos</span> <span class='ocrx_word' id='word_1_119' title='bbox 611 1776 776 1840; x_wconf 86' lang='lat' dir='ltr'>vinci</span> <span class='ocrx_word' id='word_1_120' title='bbox 813 1775 1178 1860; x_wconf 89' lang='lat' dir='ltr'>sperabant.</span> <span class='ocrx_word' id='word_1_121' title='bbox 1250 1775 1320 1842; x_wconf 87' lang='lat' dir='ltr'>Si</span> <span class='ocrx_word' id='word_1_122' title='bbox 1354 1775 1550 1861; x_wconf 82' lang='lat' dir='ltr'>quid‘l</span> <span class='ocrx_word' id='word_1_123' title='bbox 1586 1777 1709 1841; x_wconf 90' lang='lat' dir='ltr'>hiis</span> <span class='ocrx_word' id='word_1_124' title='bbox 1746 1775 2039 1859; x_wconf 88' lang='lat' dir='ltr'>prosperi</span> <span class='ocrx_word' id='word_1_125' title='bbox 2073 1774 2328 1852; x_wconf 88' lang='lat' dir='ltr'>accidit,</span> <span class='ocrx_word' id='word_1_126' title='bbox 2365 1791 2714 1854; x_wconf 86' lang='lat' dir='ltr'>numquam</span> 
     </span>
     <span class='ocr_line' id='line_1_17' title="bbox 460 1861 2716 2012; baseline -0.003 -86"><span class='ocrx_word' id='word_1_127' title='bbox 460 1861 933 2012; x_wconf 47' lang='lat' dir='ltr'>exclarrlijabann</span> <span class='ocrx_word' id='word_1_128' title='bbox 995 1883 1115 1928; x_wconf 90' lang='lat' dir='ltr'>nec</span> <span class='ocrx_word' id='word_1_129' title='bbox 1166 1861 1622 1928; x_wconf 86' lang='lat' dir='ltr'>adversitatem</span> <span class='ocrx_word' id='word_1_130' title='bbox 1675 1861 1893 1947; x_wconf 86' lang='lat' dir='ltr'>aliquo</span> <span class='ocrx_word' id='word_1_131' title='bbox 1945 1861 2185 1946; x_wconf 88' lang='lat' dir='ltr'>gemitu</span> <span class='ocrx_word' id='word_1_132' title='bbox 2238 1861 2716 1943; x_wconf 87' lang='lat' dir='ltr'>ingravescente</span> 
     </span>
     <span class='ocr_line' id='line_1_18' title="bbox 456 1947 1057 2030; baseline 0.007 -18"><span class='ocrx_word' id='word_1_133' title='bbox 456 1947 673 2030; x_wconf 85' lang='lat' dir='ltr'>aperie</span> <span class='ocrx_word' id='word_1_134' title='bbox 718 1953 851 2014; x_wconf 89' lang='lat' dir='ltr'>ant.</span> <span class='ocrx_word' id='word_1_135' title='bbox 1042 2001 1057 2016; x_wconf 94' lang='lat'>.</span> 
     </span>
    </p>

    <p class='ocr_par' dir='ltr' id='par_1_4' title="bbox 456 2029 2716 2529">
     <span class='ocr_line' id='line_1_19' title="bbox 628 2029 2716 2116; baseline -0.004 -16"><span class='ocrx_word' id='word_1_136' title='bbox 628 2037 730 2101; x_wconf 88' lang='grc'>61.</span> <span class='ocrx_word' id='word_1_137' title='bbox 803 2033 1069 2097; x_wconf 89' lang='lat' dir='ltr'>Interim</span> <span class='ocrx_word' id='word_1_138' title='bbox 1104 2033 1509 2099; x_wconf 87' lang='lat' dir='ltr'>Mararenses</span> <span class='ocrx_word' id='word_1_139' title='bbox 1546 2032 1879 2099; x_wconf 88' lang='lat' dir='ltr'>Boemiam</span> <span class='ocrx_word' id='word_1_140' title='bbox 1924 2031 2197 2116; x_wconf 88' lang='lat' dir='ltr'>ingressi</span> <span class='ocrx_word' id='word_1_141' title='bbox 2239 2029 2466 2095; x_wconf 89' lang='lat' dir='ltr'>urbem</span> <span class='ocrx_word' id='word_1_142' title='bbox 2514 2047 2716 2110; x_wconf 91' lang='lat' dir='ltr'>quan-</span> 
     </span>
     <span class='ocr_line' id='line_1_20' title="bbox 456 2113 2712 2204; baseline -0.004 -20"><span class='ocrx_word' id='word_1_143' title='bbox 456 2119 606 2184; x_wconf 91' lang='lat' dir='ltr'>dam</span> <span class='ocrx_word' id='word_1_144' title='bbox 674 2123 1045 2204; x_wconf 84' lang='lat' dir='ltr'>expugnant</span> <span class='ocrx_word' id='word_1_145' title='bbox 1118 2125 1185 2184; x_wconf 94' lang='lat' dir='ltr'>et</span> <span class='ocrx_word' id='word_1_146' title='bbox 1242 2140 1384 2182; x_wconf 89' lang='lat' dir='ltr'>cum</span> <span class='ocrx_word' id='word_1_147' title='bbox 1444 2117 1646 2202; x_wconf 89' lang='lat' dir='ltr'>preda</span> <span class='ocrx_word' id='word_1_148' title='bbox 1719 2119 1964 2203; x_wconf 82' lang='lat' dir='ltr'>ingenti</span> <span class='ocrx_word' id='word_1_149' title='bbox 2019 2117 2370 2184; x_wconf 89' lang='lat' dir='ltr'>incolumes</span> <span class='ocrx_word' id='word_1_150' title='bbox 2431 2113 2712 2179; x_wconf 88' lang='lat' dir='ltr'>exibant.</span> 
     </span>
     <span class='ocr_line' id='line_1_21' title="bbox 459 2199 2714 2288; baseline -0.003 -20"><span class='ocrx_word' id='word_1_151' title='bbox 459 2204 644 2282; x_wconf 83' lang='lat' dir='ltr'>Quod</span> <span class='ocrx_word' id='word_1_152' title='bbox 705 2225 850 2269; x_wconf 91' lang='lat' dir='ltr'>cum</span> <span class='ocrx_word' id='word_1_153' title='bbox 912 2203 1200 2269; x_wconf 88' lang='lat' dir='ltr'>marchio</span> <span class='ocrx_word' id='word_1_154' title='bbox 1262 2204 1649 2270; x_wconf 86' lang='lat' dir='ltr'>Heinricus¹</span> <span class='ocrx_word' id='word_1_155' title='bbox 1713 2205 1827 2270; x_wconf 90' lang='lat' dir='ltr'>hos</span> <span class='ocrx_word' id='word_1_156' title='bbox 1895 2210 2113 2288; x_wconf 90' lang='lat' dir='ltr'>petere</span> <span class='ocrx_word' id='word_1_157' title='bbox 2181 2223 2328 2268; x_wconf 91' lang='lat' dir='ltr'>cum</span> <span class='ocrx_word' id='word_1_158' title='bbox 2390 2199 2714 2268; x_wconf 88' lang='lat' dir='ltr'>excercitu</span> 
     </span>
     <span class='ocr_line' id='line_1_22' title="bbox 458 2288 2714 2374; baseline -0.003 -19"><span class='ocrx_word' id='word_1_159' title='bbox 458 2297 731 2356; x_wconf 90' lang='lat' dir='ltr'>conatus</span> <span class='ocrx_word' id='word_1_160' title='bbox 792 2289 1073 2369; x_wconf 88' lang='lat' dir='ltr'>audiret,</span> <span class='ocrx_word' id='word_1_161' title='bbox 1140 2289 1414 2356; x_wconf 85' lang='lat' dir='ltr'>festinus</span> <span class='ocrx_word' id='word_1_162' title='bbox 1474 2288 1866 2374; x_wconf 80' lang='lat' dir='ltr'>insequitur3</span> <span class='ocrx_word' id='word_1_163' title='bbox 1938 2299 2002 2354; x_wconf 90' lang='lat' dir='ltr'>et</span> <span class='ocrx_word' id='word_1_164' title='bbox 2063 2289 2294 2356; x_wconf 90' lang='lat' dir='ltr'>occisis</span> <span class='ocrx_word' id='word_1_165' title='bbox 2355 2309 2434 2354; x_wconf 86' lang='lat' dir='ltr'>ex</span> <span class='ocrx_word' id='word_1_166' title='bbox 2494 2305 2714 2358; x_wconf 80' lang='lat' dir='ltr'>eorum</span> 
     </span>
     <span class='ocr_line' id='line_1_23' title="bbox 456 2371 2715 2460; baseline -0.004 -18"><span class='ocrx_word' id='word_1_167' title='bbox 456 2396 725 2442; x_wconf 88' lang='lat' dir='ltr'>numero</span> <span class='ocrx_word' id='word_1_168' title='bbox 814 2377 914 2441; x_wconf 87' lang='lat' dir='ltr'>lus</span> <span class='ocrx_word' id='word_1_169' title='bbox 959 2397 1151 2459; x_wconf 88' lang='lat' dir='ltr'>quam</span> <span class='ocrx_word' id='word_1_170' title='bbox 1200 2375 1376 2441; x_wconf 91' lang='lat' dir='ltr'>mille</span> <span class='ocrx_word' id='word_1_171' title='bbox 1416 2376 1572 2443; x_wconf 90' lang='lat' dir='ltr'>viris</span> <span class='ocrx_word' id='word_1_172' title='bbox 1617 2375 2141 2460; x_wconf 86' lang='lat' dir='ltr'>fugientibusque</span> <span class='ocrx_word' id='word_1_173' title='bbox 2183 2376 2458 2441; x_wconf 83' lang='lat' dir='ltr'>caeteris</span> <span class='ocrx_word' id='word_1_174' title='bbox 2509 2371 2715 2454; x_wconf 86' lang='lat' dir='ltr'>capti·</span> 
     </span>
     <span class='ocr_line' id='line_1_24' title="bbox 456 2461 2164 2529; baseline 0.001 -1"><span class='ocrx_word' id='word_1_175' title='bbox 456 2463 719 2528; x_wconf 85' lang='lat' dir='ltr'>vitatem</span> <span class='ocrx_word' id='word_1_176' title='bbox 808 2482 929 2528; x_wconf 92' lang='lat' dir='ltr'>anc</span> <span class='ocrx_word' id='word_1_177' title='bbox 972 2481 1227 2529; x_wconf 90' lang='lat' dir='ltr'>omnem</span> <span class='ocrx_word' id='word_1_178' title='bbox 1274 2462 1554 2528; x_wconf 89' lang='lat' dir='ltr'>solutam</span> <span class='ocrx_word' id='word_1_179' title='bbox 1597 2461 1852 2529; x_wconf 88' lang='lat' dir='ltr'>domum</span> <span class='ocrx_word' id='word_1_180' title='bbox 1898 2463 2164 2529; x_wconf 88' lang='lat' dir='ltr'>remisit.</span> 
     </span>
    </p>

    <p class='ocr_par' dir='ltr' id='par_1_5' title="bbox 454 2542 3005 3131">
     <span class='ocr_line' id='line_1_25' title="bbox 628 2542 2714 2633; baseline -0.003 -21"><span class='ocrx_word' id='word_1_181' title='bbox 628 2548 851 2632; x_wconf 90' lang='lat' dir='ltr'>Neque</span> <span class='ocrx_word' id='word_1_182' title='bbox 895 2549 1241 2614; x_wconf 88' lang='lat' dir='ltr'>tacendum</span> <span class='ocrx_word' id='word_1_183' title='bbox 1284 2555 1407 2624; x_wconf 80' lang='lat' dir='ltr'>est,</span> <span class='ocrx_word' id='word_1_184' title='bbox 1464 2547 1636 2633; x_wconf 89' lang='lat' dir='ltr'>quod</span> <span class='ocrx_word' id='word_1_185' title='bbox 1683 2548 1796 2614; x_wconf 92' lang='lat' dir='ltr'>alii</span> <span class='ocrx_word' id='word_1_186' title='bbox 1849 2548 2088 2615; x_wconf 87' lang='lat' dir='ltr'>milites</span> <span class='ocrx_word' id='word_1_187' title='bbox 2131 2547 2438 2614; x_wconf 87' lang='lat' dir='ltr'>Bolizlavi</span> <span class='ocrx_word' id='word_1_188' title='bbox 2487 2542 2714 2612; x_wconf 88' lang='lat' dir='ltr'>urbem</span> 
     </span>
     <span class='ocr_line' id='line_1_26' title="bbox 454 2632 2710 2718; baseline -0.002 -20"><span class='ocrx_word' id='word_1_189' title='bbox 454 2633 745 2718; x_wconf 86' lang='lat' dir='ltr'>Belegori</span> <span class='ocrx_word' id='word_1_190' title='bbox 790 2632 1033 2699; x_wconf 90' lang='lat' dir='ltr'>dictam</span> <span class='ocrx_word' id='word_1_191' title='bbox 1069 2634 1311 2702; x_wconf 86' lang='lat' dir='ltr'><strong>XVIII.</strong></span> <span class='ocrx_word' id='word_1_192' title='bbox 1344 2634 1485 2701; x_wconf 87' lang='lat' dir='ltr'>Kal.</span> <span class='ocrx_word' id='word_1_193' title='bbox 1524 2633 1875 2717; x_wconf 90' lang='lat' dir='ltr'>Septembr.</span> <span class='ocrx_word' id='word_1_194' title='bbox 1927 2634 2212 2718; x_wconf 82' lang='lat' dir='ltr'>aggressi</span> <span class='ocrx_word' id='word_1_195' title='bbox 2255 2640 2322 2699; x_wconf 90' lang='lat' dir='ltr'>et</span> <span class='ocrx_word' id='word_1_196' title='bbox 2362 2633 2530 2699; x_wconf 91' lang='lat' dir='ltr'>bello</span> <span class='ocrx_word' id='word_1_197' title='bbox 2571 2648 2710 2694; x_wconf 88' lang='lat' dir='ltr'>eam</span> 
     </span>
     <span class='ocr_line' id='line_1_27' title="bbox 454 2718 2712 2805; baseline -0.002 -21"><span class='ocrx_word' id='word_1_198' title='bbox 454 2720 881 2804; x_wconf 84' lang='lat' dir='ltr'>inpugnantes</span> <span class='ocrx_word' id='word_1_199' title='bbox 918 2718 1187 2801; x_wconf 85' lang='lat' dir='ltr'>diutino,</span> <span class='ocrx_word' id='word_1_200' title='bbox 1225 2720 1361 2786; x_wconf 91' lang='lat' dir='ltr'>Deo</span> <span class='ocrx_word' id='word_1_201' title='bbox 1394 2721 1632 2805; x_wconf 83' lang='lat' dir='ltr'>gratia!</span> <span class='ocrx_word' id='word_1_202' title='bbox 1669 2719 1762 2787; x_wconf 89' lang='lat' dir='ltr'>nil</span> <span class='ocrx_word' id='word_1_203' title='bbox 1787 2719 2224 2804; x_wconf 89' lang='lat' dir='ltr'>proficiebant.</span> <span class='ocrx_word' id='word_1_204' title='bbox 2287 2720 2712 2791; x_wconf 90' lang='lat' dir='ltr'>Liuticiorum</span> 
     </span>
     <span class='ocr_line' id='line_1_28' title="bbox 456 2801 2712 2891; baseline -0.003 -20"><span class='ocrx_word' id='word_1_205' title='bbox 456 2811 671 2871; x_wconf 90' lang='lat' dir='ltr'>autem</span> <span class='ocrx_word' id='word_1_206' title='bbox 714 2826 952 2889; x_wconf 87' lang='lat' dir='ltr'>magna</span> <span class='ocrx_word' id='word_1_207' title='bbox 993 2806 1356 2885; x_wconf 82' lang='lat' dir='ltr'>multitudo,</span> <span class='ocrx_word' id='word_1_208' title='bbox 1410 2826 1579 2890; x_wconf 88' lang='lat' dir='ltr'>quae</span> <span class='ocrx_word' id='word_1_209' title='bbox 1627 2806 1801 2870; x_wconf 86' lang='lat' dir='ltr'>domi</span> <span class='ocrx_word' id='word_1_210' title='bbox 1853 2806 2128 2887; x_wconf 87' lang='lat' dir='ltr'>fuerant,</span> <span class='ocrx_word' id='word_1_211' title='bbox 2183 2804 2508 2891; x_wconf 86' lang='lat' dir='ltr'>quandam</span> <span class='ocrx_word' id='word_1_212' title='bbox 2559 2801 2712 2869; x_wconf 83' lang='lat' dir='ltr'>civi-</span> 
     </span>
     <span class='ocr_line' id='line_1_29' title="bbox 456 2890 3005 2977; baseline -0.002 -20"><span class='ocrx_word' id='word_1_213' title='bbox 456 2898 657 2957; x_wconf 90' lang='lat' dir='ltr'>tatem</span> <span class='ocrx_word' id='word_1_214' title='bbox 698 2892 938 2976; x_wconf 85' lang='lat' dir='ltr'>prefati</span> <span class='ocrx_word' id='word_1_215' title='bbox 982 2891 1165 2957; x_wconf 90' lang='lat' dir='ltr'>ducis</span> <span class='ocrx_word' id='word_1_216' title='bbox 1216 2893 1560 2975; x_wconf 90' lang='lat' dir='ltr'>petierunt.</span> <span class='ocrx_word' id='word_1_217' title='bbox 1658 2890 1884 2975; x_wconf 87' lang='lat' dir='ltr'>Ibique</span> <span class='ocrx_word' id='word_1_218' title='bbox 1979 2892 2080 2957; x_wconf 88' lang='lat' dir='ltr'>lus</span> <span class='ocrx_word' id='word_1_219' title='bbox 2134 2912 2327 2977; x_wconf 89' lang='lat' dir='ltr'>quam</span> <span class='ocrx_word' id='word_1_220' title='bbox 2374 2890 2456 2956; x_wconf 82' lang='lat' dir='ltr'>*C</span> <span class='ocrx_word' id='word_1_221' title='bbox 2504 2890 2714 2957; x_wconf 88' lang='lat' dir='ltr'>socios</span> <span class='ocrx_word' id='word_1_222' title='bbox 2744 2918 2768 2942; x_wconf 80' lang='lat'>=·=</span> <span class='ocrx_word' id='word_1_223' title='bbox 2787 2922 2884 2970; x_wconf 60' lang='lat' dir='ltr'>sd,</span> <span class='ocrx_word' id='word_1_224' title='bbox 2905 2922 3005 2963; x_wconf 78' lang='lat'>169‘.</span> 
     </span>
     <span class='ocr_line' id='line_1_30' title="bbox 456 2977 2712 3062; baseline -0 -20"><span class='ocrx_word' id='word_1_225' title='bbox 456 2977 799 3061; x_wconf 87' lang='lat' dir='ltr'>perdentes</span> <span class='ocrx_word' id='word_1_226' title='bbox 860 2998 1003 3044; x_wconf 89' lang='lat' dir='ltr'>cum</span> <span class='ocrx_word' id='word_1_227' title='bbox 1064 2978 1309 3062; x_wconf 82' lang='lat' dir='ltr'>ingenti</span> <span class='ocrx_word' id='word_1_228' title='bbox 1366 2977 1660 3043; x_wconf 89' lang='lat' dir='ltr'>tristicia·</span> <span class='ocrx_word' id='word_1_229' title='bbox 1704 2998 1924 3043; x_wconf 89' lang='lat' dir='ltr'>remea</span> <span class='ocrx_word' id='word_1_230' title='bbox 1966 2984 2084 3044; x_wconf 85' lang='lat' dir='ltr'>ant</span> <span class='ocrx_word' id='word_1_231' title='bbox 2142 2986 2492 3062; x_wconf 86' lang='lat' dir='ltr'>posteaque</span> <span class='ocrx_word' id='word_1_232' title='bbox 2545 2977 2712 3042; x_wconf 88' lang='lat' dir='ltr'>eius-</span> 
     </span>
     <span class='ocr_line' id='line_1_31' title="bbox 458 3062 1537 3131; baseline 0.003 -3"><span class='ocrx_word' id='word_1_233' title='bbox 458 3063 603 3128; x_wconf 90' lang='lat' dir='ltr'>dem</span> <span class='ocrx_word' id='word_1_234' title='bbox 646 3062 815 3128; x_wconf 91' lang='lat' dir='ltr'>bona</span> <span class='ocrx_word' id='word_1_235' title='bbox 858 3062 1129 3128; x_wconf 89' lang='lat' dir='ltr'>multum</span> <span class='ocrx_word' id='word_1_236' title='bbox 1174 3062 1537 3131; x_wconf 86' lang='lat' dir='ltr'>vastabant.</span> 
     </span>
    </p>

    <p class='ocr_par' dir='ltr' id='par_1_6' title="bbox 454 3148 2710 3474">
     <span class='ocr_line' id='line_1_32' title="bbox 627 3148 2710 3236; baseline -0 -22"><span class='ocrx_word' id='word_1_237' title='bbox 627 3149 729 3214; x_wconf 82' lang='lat'>62.</span> <span class='ocrx_word' id='word_1_238' title='bbox 794 3148 957 3236; x_wconf 78' lang='lat'>(45.)</span> <span class='ocrx_word' id='word_1_239' title='bbox 1052 3148 1197 3214; x_wconf 91' lang='lat' dir='ltr'>Hiis</span> <span class='ocrx_word' id='word_1_240' title='bbox 1258 3169 1513 3232; x_wconf 89' lang='lat' dir='ltr'>quoque</span> <span class='ocrx_word' id='word_1_241' title='bbox 1574 3148 1854 3215; x_wconf 88' lang='lat' dir='ltr'>adiciam</span> <span class='ocrx_word' id='word_1_242' title='bbox 1917 3150 2315 3215; x_wconf 84' lang='lat' dir='ltr'>mortiferum</span> <span class='ocrx_word' id='word_1_243' title='bbox 2377 3148 2710 3215; x_wconf 87' lang='lat' dir='ltr'>Godefridi</span> 
     </span>
     <span class='ocr_line' id='line_1_33' title="bbox 454 3232 2708 3321; baseline -0 -22"><span class='ocrx_word' id='word_1_244' title='bbox 454 3232 681 3300; x_wconf 85' lang='lat' dir='ltr'>ducis²</span> <span class='ocrx_word' id='word_1_245' title='bbox 737 3240 804 3299; x_wconf 90' lang='lat' dir='ltr'>et</span> <span class='ocrx_word' id='word_1_246' title='bbox 858 3234 1132 3299; x_wconf 86' lang='lat' dir='ltr'>Gerardi</span> <span class='ocrx_word' id='word_1_247' title='bbox 1190 3233 1492 3300; x_wconf 78' lang='lat' dir='ltr'>comitis3</span> <span class='ocrx_word' id='word_1_248' title='bbox 1549 3254 1979 3319; x_wconf 87' lang='lat' dir='ltr'>congressum.</span> <span class='ocrx_word' id='word_1_249' title='bbox 2091 3236 2192 3300; x_wconf 89' lang='lat' dir='ltr'>Illi</span> <span class='ocrx_word' id='word_1_250' title='bbox 2255 3256 2536 3321; x_wconf 88' lang='lat' dir='ltr'>namque</span> <span class='ocrx_word' id='word_1_251' title='bbox 2598 3234 2708 3299; x_wconf 88' lang='lat' dir='ltr'>diu</span> 
     </span>
     <span class='ocr_line' id='line_1_34' title="bbox 454 3318 2709 3407; baseline 0 -23"><span class='ocrx_word' id='word_1_252' title='bbox 454 3320 725 3387; x_wconf 90' lang='lat' dir='ltr'>invicem</span> <span class='ocrx_word' id='word_1_253' title='bbox 784 3319 1115 3385; x_wconf 88' lang='lat' dir='ltr'>discordes</span> <span class='ocrx_word' id='word_1_254' title='bbox 1176 3328 1423 3385; x_wconf 88' lang='lat' dir='ltr'>certum</span> <span class='ocrx_word' id='word_1_255' title='bbox 1483 3318 1824 3387; x_wconf 86' lang='lat' dir='ltr'>condixere</span> <span class='ocrx_word' id='word_1_256' title='bbox 1896 3322 2092 3400; x_wconf 88' lang='lat' dir='ltr'>diem,</span> <span class='ocrx_word' id='word_1_257' title='bbox 2163 3343 2292 3407; x_wconf 92' lang='lat' dir='ltr'>qua</span> <span class='ocrx_word' id='word_1_258' title='bbox 2361 3341 2506 3387; x_wconf 90' lang='lat' dir='ltr'>cum</span> <span class='ocrx_word' id='word_1_259' title='bbox 2577 3321 2709 3386; x_wconf 89' lang='lat' dir='ltr'>suis</span> 
     </span>
     <span class='ocr_line' id='line_1_35' title="bbox 456 3404 2707 3474; baseline 0 -4"><span class='ocrx_word' id='word_1_260' title='bbox 456 3405 821 3471; x_wconf 83' lang='lat' dir='ltr'>fautoribus</span> <span class='ocrx_word' id='word_1_261' title='bbox 877 3406 1041 3471; x_wconf 89' lang='lat' dir='ltr'>haec</span> <span class='ocrx_word' id='word_1_262' title='bbox 1097 3414 1276 3471; x_wconf 87' lang='lat' dir='ltr'>certo</span> <span class='ocrx_word' id='word_1_263' title='bbox 1333 3406 1529 3471; x_wconf 88' lang='lat' dir='ltr'>duelli</span> <span class='ocrx_word' id='word_1_264' title='bbox 1587 3404 1826 3471; x_wconf 90' lang='lat' dir='ltr'>iudicio</span> <span class='ocrx_word' id='word_1_265' title='bbox 1886 3408 2376 3474; x_wconf 77' lang='lat' dir='ltr'>discernerent0.</span> <span class='ocrx_word' id='word_1_266' title='bbox 2491 3408 2707 3472; x_wconf 89' lang='lat' dir='ltr'>Mense</span> 
     </span>
    </p>

    <p class='ocr_par' dir='ltr' id='par_1_7' title="bbox 224 3488 2708 4179">
     <span class='ocr_line' id='line_1_36' title="bbox 224 3488 2706 3579; baseline 0.004 -31"><span class='ocrx_word' id='word_1_267' title='bbox 224 3508 343 3560; x_wconf 74' lang='lat' dir='ltr'>Aug.</span> <span class='ocrx_word' id='word_1_268' title='bbox 363 3512 429 3552; x_wconf 79' lang='lat'>27.</span> <span class='ocrx_word' id='word_1_269' title='bbox 459 3493 748 3575; x_wconf 84' lang='lat' dir='ltr'>Augusto</span> <span class='ocrx_word' id='word_1_270' title='bbox 804 3488 904 3579; x_wconf 89' lang='lat' dir='ltr'>[ac</span> <span class='ocrx_word' id='word_1_271' title='bbox 948 3491 1055 3557; x_wconf 90' lang='lat' dir='ltr'>VI.</span> <span class='ocrx_word' id='word_1_272' title='bbox 1094 3491 1237 3559; x_wconf 84' lang='lat' dir='ltr'>Kal.</span> <span class='ocrx_word' id='word_1_273' title='bbox 1278 3490 1668 3575; x_wconf 88' lang='lat' dir='ltr'>Septembris</span> <span class='ocrx_word' id='word_1_274' title='bbox 1745 3493 1812 3558; x_wconf 91' lang='lat' dir='ltr'>in</span> <span class='ocrx_word' id='word_1_275' title='bbox 1865 3494 2145 3578; x_wconf 86' lang='lat' dir='ltr'>quadam</span> <span class='ocrx_word' id='word_1_276' title='bbox 2197 3496 2373 3578; x_wconf 89' lang='lat' dir='ltr'>prati</span> <span class='ocrx_word' id='word_1_277' title='bbox 2420 3493 2706 3559; x_wconf 88' lang='lat' dir='ltr'>florentis</span> 
     </span>
     <span class='ocr_line' id='line_1_37' title="bbox 455 3574 2708 3728; baseline 0.001 -87"><span class='ocrx_word' id='word_1_278' title='bbox 455 3574 800 3728; x_wconf 53' lang='lat' dir='ltr'>ffondicw]</span> <span class='ocrx_word' id='word_1_279' title='bbox 861 3578 1139 3662; x_wconf 90' lang='lat' dir='ltr'>planicie</span> <span class='ocrx_word' id='word_1_280' title='bbox 1209 3577 1638 3662; x_wconf 88' lang='lat' dir='ltr'>confligebant</span> <span class='ocrx_word' id='word_1_281' title='bbox 1681 3628 1696 3645; x_wconf 95' lang='lat'>.</span> <span class='ocrx_word' id='word_1_282' title='bbox 1811 3578 1938 3645; x_wconf 88' lang='lat' dir='ltr'>Sed</span> <span class='ocrx_word' id='word_1_283' title='bbox 2007 3580 2373 3664; x_wconf 89' lang='lat' dir='ltr'>superbiam</span> <span class='ocrx_word' id='word_1_284' title='bbox 2435 3579 2708 3645; x_wconf 89' lang='lat' dir='ltr'>Gerardi</span> 
     </span>
     <span class='ocr_line' id='line_1_38' title="bbox 500 3663 2704 3749; baseline 0 -21"><span class='ocrx_word' id='word_1_285' title='bbox 500 3664 788 3730; x_wconf 85' lang='lat' dir='ltr'>umilitas</span> <span class='ocrx_word' id='word_1_286' title='bbox 842 3663 1084 3729; x_wconf 86' lang='lat' dir='ltr'>Christi</span> <span class='ocrx_word' id='word_1_287' title='bbox 1146 3663 1439 3730; x_wconf 89' lang='lat' dir='ltr'>molliens</span> <span class='ocrx_word' id='word_1_288' title='bbox 1500 3685 1579 3729; x_wconf 87' lang='lat' dir='ltr'>ac</span> <span class='ocrx_word' id='word_1_289' title='bbox 1639 3664 1845 3730; x_wconf 90' lang='lat' dir='ltr'>socios</span> <span class='ocrx_word' id='word_1_290' title='bbox 1907 3666 2046 3732; x_wconf 88' lang='lat' dir='ltr'>eius</span> <span class='ocrx_word' id='word_1_291' title='bbox 2102 3668 2171 3731; x_wconf 91' lang='lat' dir='ltr'>in</span> <span class='ocrx_word' id='word_1_292' title='bbox 2223 3666 2442 3749; x_wconf 87' lang='lat' dir='ltr'>fugam</span> <span class='ocrx_word' id='word_1_293' title='bbox 2495 3666 2704 3732; x_wconf 89' lang='lat' dir='ltr'>subito</span> 
     </span>
     <span class='ocr_line' id='line_1_39' title="bbox 455 3748 2704 3849; baseline 0.002 -38"><span class='ocrx_word' id='word_1_294' title='bbox 455 3755 736 3849; x_wconf 79' lang='lat' dir='ltr'>vertens;</span> <span class='ocrx_word' id='word_1_295' title='bbox 790 3770 918 3849; x_wconf 78' lang='lat' dir='ltr'>non</span> <span class='ocrx_word' id='word_1_296' title='bbox 969 3750 1181 3815; x_wconf 89' lang='lat' dir='ltr'>minus</span> <span class='ocrx_word' id='word_1_297' title='bbox 1234 3772 1311 3815; x_wconf 90' lang='lat' dir='ltr'>ex</span> <span class='ocrx_word' id='word_1_298' title='bbox 1363 3748 1491 3849; x_wconf 69' lang='lat' dir='ltr'>biis</span> <span class='ocrx_word' id='word_1_299' title='bbox 1547 3770 1742 3833; x_wconf 87' lang='lat' dir='ltr'>quam</span> <span class='ocrx_word' id='word_1_300' title='bbox 1787 3750 1942 3817; x_wconf 92' lang='grc'>000</span> <span class='ocrx_word' id='word_1_301' title='bbox 1994 3753 2344 3835; x_wconf 88' lang='lat' dir='ltr'>prostravit</span> <span class='ocrx_word' id='word_1_302' title='bbox 2399 3751 2566 3818; x_wconf 89' lang='lat' dir='ltr'>viros</span> <span class='ocrx_word' id='word_1_303' title='bbox 2625 3772 2704 3817; x_wconf 88' lang='lat' dir='ltr'>ex</span> 
     </span>
     <span class='ocr_line' id='line_1_40' title="bbox 454 3833 2705 4006; baseline 0.003 -23"><span class='ocrx_word' id='word_1_304' title='bbox 454 3835 687 3986; x_wconf 46' lang='lat'>3332?</span> <span class='ocrx_word' id='word_1_305' title='bbox 716 3835 857 3987; x_wconf 60' lang='lat'>31¹3?</span> <span class='ocrx_word' id='word_1_306' title='bbox 885 3833 2232 4006; x_wconf 45' lang='lat' dir='ltr'>33332&#39;5532233322222222333¹1¹}{l&#39;st30</span> <span class='ocrx_word' id='word_1_307' title='bbox 2247 3837 2566 4005; x_wconf 61' lang='grc' dir='ltr'>οῗέἷῖῗηέῗ</span> <span class='ocrx_word' id='word_1_308' title='bbox 2591 3838 2705 3990; x_wconf 50' lang='grc' dir='ltr'>ἔξει</span> 
     </span>
     <span class='ocr_line' id='line_1_41' title="bbox 452 4006 2704 4077; baseline 0.002 -6"><span class='ocrx_word' id='word_1_309' title='bbox 452 4028 525 4072; x_wconf 93' lang='lat' dir='ltr'>re</span> <span class='ocrx_word' id='word_1_310' title='bbox 600 4008 766 4073; x_wconf 88' lang='lat' dir='ltr'>latro</span> <span class='ocrx_word' id='word_1_311' title='bbox 842 4008 1133 4075; x_wconf 81' lang='lat' dir='ltr'>eximius,</span> <span class='ocrx_word' id='word_1_312' title='bbox 1252 4006 1375 4073; x_wconf 92' lang='lat' dir='ltr'>Hic</span> <span class='ocrx_word' id='word_1_313' title='bbox 1436 4008 1726 4073; x_wconf 88' lang='lat' dir='ltr'>centurio</span> <span class='ocrx_word' id='word_1_314' title='bbox 1785 4008 1934 4075; x_wconf 90' lang='lat' dir='ltr'>lacu</span> <span class='ocrx_word' id='word_1_315' title='bbox 1986 4030 2132 4074; x_wconf 92' lang='lat' dir='ltr'>cum</span> <span class='ocrx_word' id='word_1_316' title='bbox 2194 4010 2329 4075; x_wconf 88' lang='lat' dir='ltr'>suis</span> <span class='ocrx_word' id='word_1_317' title='bbox 2381 4010 2704 4077; x_wconf 89' lang='lat' dir='ltr'>clauditur</span> 
     </span>
     <span class='ocr_line' id='line_1_42' title="bbox 454 4094 2705 4179; baseline 0.002 -22"><span class='ocrx_word' id='word_1_318' title='bbox 454 4113 584 4157; x_wconf 90' lang='lat' dir='ltr'>uno</span> <span class='ocrx_word' id='word_1_319' title='bbox 642 4101 706 4159; x_wconf 91' lang='lat' dir='ltr'>et</span> <span class='ocrx_word' id='word_1_320' title='bbox 749 4100 905 4159; x_wconf 86' lang='lat' dir='ltr'>tunc</span> <span class='ocrx_word' id='word_1_321' title='bbox 950 4094 1233 4159; x_wconf 90' lang='lat' dir='ltr'>saciatus</span> <span class='ocrx_word' id='word_1_322' title='bbox 1277 4094 1480 4158; x_wconf 90' lang='lat' dir='ltr'>iacuit</span> <span class='ocrx_word' id='word_1_323' title='bbox 1522 4094 1590 4157; x_wconf 90' lang='lat' dir='ltr'>in</span> <span class='ocrx_word' id='word_1_324' title='bbox 1634 4094 1863 4176; x_wconf 86' lang='lat' dir='ltr'>prelio,</span> <span class='ocrx_word' id='word_1_325' title='bbox 1909 4096 2016 4160; x_wconf 90' lang='lat' dir='ltr'>cui</span> <span class='ocrx_word' id='word_1_326' title='bbox 2057 4115 2408 4179; x_wconf 89' lang='lat' dir='ltr'>numquam</span> <span class='ocrx_word' id='word_1_327' title='bbox 2452 4094 2705 4163; x_wconf 84' lang='lat' dir='ltr'>suffecit</span> 
     </span>
    </p>
   </div>
   <div class='ocr_carea' id='block_1_3' title="bbox 451 4202 2701 4287">
    <p class='ocr_par' dir='ltr' id='par_1_8' title="bbox 451 4202 2701 4287">
     <span class='ocr_line' id='line_1_43' title="bbox 451 4202 2701 4287; baseline 0.004 -19"><span class='ocrx_word' id='word_1_328' title='bbox 451 4229 497 4281; x_wconf 70' lang='lat' dir='ltr'>a)</span> <span class='ocrx_word' id='word_1_329' title='bbox 523 4232 585 4271; x_wconf 74' lang='lat' dir='ltr'>ita</span> <span class='ocrx_word' id='word_1_330' title='bbox 600 4231 651 4271; x_wconf 79' lang='grc' dir='ltr'><strong>Δ.</strong></span> <span class='ocrx_word' id='word_1_331' title='bbox 674 4232 747 4281; x_wconf 79' lang='lat' dir='ltr'>S.,·</span> <span class='ocrx_word' id='word_1_332' title='bbox 763 4202 1019 4282; x_wconf 60' lang='lat' dir='ltr'>exequaris·</span> <span class='ocrx_word' id='word_1_333' title='bbox 1032 4234 1072 4273; x_wconf 84' lang='lat'>1.</span> <span class='ocrx_word' id='word_1_334' title='bbox 1152 4230 1203 4285; x_wconf 92' lang='lat' dir='ltr'>b)</span> <span class='ocrx_word' id='word_1_335' title='bbox 1228 4233 1557 4281; x_wconf 75' lang='lat' dir='ltr'>omnigenarum</span> <span class='ocrx_word' id='word_1_336' title='bbox 1577 4234 1615 4271; x_wconf 87' lang='lat'>1.</span> <span class='ocrx_word' id='word_1_337' title='bbox 1720 4231 1761 4285; x_wconf 91' lang='lat' dir='ltr'>c)</span> <span class='ocrx_word' id='word_1_338' title='bbox 1787 4244 1830 4271; x_wconf 92' lang='lat' dir='ltr'>m</span> <span class='ocrx_word' id='word_1_339' title='bbox 1847 4233 1950 4273; x_wconf 69' lang='lat' dir='ltr'>aad.</span> <span class='ocrx_word' id='word_1_340' title='bbox 1973 4235 2023 4275; x_wconf 81' lang='grc' dir='ltr'><strong>Τ.</strong></span> <span class='ocrx_word' id='word_1_341' title='bbox 2121 4232 2167 4282; x_wconf 86' lang='lat' dir='ltr'>d)</span> <span class='ocrx_word' id='word_1_342' title='bbox 2195 4233 2254 4283; x_wconf 71' lang='lat' dir='ltr'>qu</span> <span class='ocrx_word' id='word_1_343' title='bbox 2269 4236 2308 4276; x_wconf 81' lang='lat'>1.</span> <span class='ocrx_word' id='word_1_344' title='bbox 2401 4234 2444 4287; x_wconf 85' lang='lat' dir='ltr'>e)</span> <span class='ocrx_word' id='word_1_345' title='bbox 2471 4245 2494 4274; x_wconf 85' lang='lat' dir='ltr'>s</span> <span class='ocrx_word' id='word_1_346' title='bbox 2517 4233 2628 4277; x_wconf 69' lang='lat' dir='ltr'>aad.</span> <span class='ocrx_word' id='word_1_347' title='bbox 2651 4236 2701 4276; x_wconf 78' lang='grc' dir='ltr'><strong>Τ.</strong></span> 
     </span>
    </p>
   </div>
   <div class='ocr_carea' id='block_1_4' title="bbox 452 4316 2701 4525">
    <p class='ocr_par' dir='ltr' id='par_1_9' title="bbox 452 4316 2701 4525">
     <span class='ocr_line' id='line_1_44' title="bbox 454 4316 2701 4389; baseline 0.002 -19"><span class='ocrx_word' id='word_1_348' title='bbox 454 4316 507 4382; x_wconf 92' lang='grc'>1)</span> <span class='ocrx_word' id='word_1_349' title='bbox 554 4317 823 4387; x_wconf 77' lang='lat' dir='ltr'>Liupoldi</span> <span class='ocrx_word' id='word_1_350' title='bbox 842 4321 894 4373; x_wconf 92' lang='lat' dir='ltr'>I.</span> <span class='ocrx_word' id='word_1_351' title='bbox 928 4318 1097 4384; x_wconf 77' lang='lat' dir='ltr'>filius,</span> <span class='ocrx_word' id='word_1_352' title='bbox 1134 4319 1375 4373; x_wconf 74' lang='lat' dir='ltr'>marchio</span> <span class='ocrx_word' id='word_1_353' title='bbox 1409 4319 1707 4375; x_wconf 73' lang='lat' dir='ltr'>orientalis</span> <span class='ocrx_word' id='word_1_354' title='bbox 1741 4319 2034 4375; x_wconf 73' lang='lat' dir='ltr'>marchiae.</span> <span class='ocrx_word' id='word_1_355' title='bbox 2197 4319 2251 4386; x_wconf 79' lang='lat'>2)</span> <span class='ocrx_word' id='word_1_356' title='bbox 2301 4320 2592 4389; x_wconf 60' lang='lat' dir='ltr'>Godefvidi</span> <span class='ocrx_word' id='word_1_357' title='bbox 2612 4323 2701 4376; x_wconf 93' lang='grc' dir='ltr'><strong>ΙΙ.</strong></span> 
     </span>
     <span class='ocr_line' id='line_1_45' title="bbox 454 4386 2700 4457; baseline 0.002 -17"><span class='ocrx_word' id='word_1_358' title='bbox 454 4386 613 4441; x_wconf 76' lang='lat' dir='ltr'>ducis</span> <span class='ocrx_word' id='word_1_359' title='bbox 644 4386 1037 4455; x_wconf 74' lang='lat' dir='ltr'>Lotharinyiae</span> <span class='ocrx_word' id='word_1_360' title='bbox 1070 4388 1350 4453; x_wconf 73' lang='lat' dir='ltr'>inferioris</span> <span class='ocrx_word' id='word_1_361' title='bbox 1387 4386 1789 4453; x_wconf 78' lang='lat'>(1012-1023).</span> <span class='ocrx_word' id='word_1_362' title='bbox 1939 4387 1994 4454; x_wconf 90' lang='lat'>3)</span> <span class='ocrx_word' id='word_1_363' title='bbox 2039 4388 2396 4457; x_wconf 70' lang='lat' dir='ltr'>Alsatiensi83</span> <span class='ocrx_word' id='word_1_364' title='bbox 2431 4407 2480 4445; x_wconf 81' lang='lat' dir='ltr'>v.</span> <span class='ocrx_word' id='word_1_365' title='bbox 2520 4390 2580 4457; x_wconf 83' lang='lat' dir='ltr'>V,</span> <span class='ocrx_word' id='word_1_366' title='bbox 2615 4392 2700 4445; x_wconf 84' lang='lat'>21.</span> 
     </span>
     <span class='ocr_line' id='line_1_46' title="bbox 452 4454 1737 4525; baseline 0 -14"><span class='ocrx_word' id='word_1_367' title='bbox 452 4455 508 4521; x_wconf 83' lang='lat'>4)</span> <span class='ocrx_word' id='word_1_368' title='bbox 545 4457 633 4509; x_wconf 84' lang='lat' dir='ltr'>De</span> <span class='ocrx_word' id='word_1_369' title='bbox 666 4472 770 4525; x_wconf 79' lang='lat' dir='ltr'>quo</span> <span class='ocrx_word' id='word_1_370' title='bbox 806 4457 938 4511; x_wconf 80' lang='lat' dir='ltr'>bello</span> <span class='ocrx_word' id='word_1_371' title='bbox 976 4454 1043 4525; x_wconf 84' lang='lat' dir='ltr'>cf.</span> <span class='ocrx_word' id='word_1_372' title='bbox 1080 4454 1149 4511; x_wconf 88' lang='lat' dir='ltr'>‘J</span> <span class='ocrx_word' id='word_1_373' title='bbox 1148 4456 1321 4512; x_wconf 64' lang='lat' dir='ltr'>ahrb?</span> <span class='ocrx_word' id='word_1_374' title='bbox 1358 4458 1479 4521; x_wconf 86' lang='grc' dir='ltr'><em>ΙΙΙ,</em></span> <span class='ocrx_word' id='word_1_375' title='bbox 1514 4458 1737 4513; x_wconf 74' lang='lat'>62—64.</span> 
     </span>
    </p>
   </div>
   <div class='ocr_carea' id='block_1_5' title="bbox 3060 9 3069 1900">
    <p class='ocr_par' dir='ltr' id='par_1_10' title="bbox 3060 9 3069 1900">
     <span class='ocr_line' id='line_1_47' title="bbox 3060 9 3069 1900; baseline 0 0"><span class='ocrx_word' id='word_1_376' title='bbox 3060 9 3069 1900; x_wconf 95' lang='lat' dir='ltr'> </span> 
     </span>
    </p>
   </div>
   <div class='ocr_carea' id='block_1_6' title="bbox 3063 2752 3066 3521">
    <p class='ocr_par' dir='ltr' id='par_1_11' title="bbox 3063 2752 3066 3521">
     <span class='ocr_line' id='line_1_48' title="bbox 3063 2752 3066 3521; baseline 0 0"><span class='ocrx_word' id='word_1_377' title='bbox 3063 2752 3066 3521; x_wconf 95' lang='lat' dir='ltr'> </span> 
     </span>
    </p>
   </div>
   <div class='ocr_carea' id='block_1_7' title="bbox 3061 2752 3068 4559">
    <p class='ocr_par' dir='ltr' id='par_1_12' title="bbox 3061 2752 3068 4559">
     <span class='ocr_line' id='line_1_49' title="bbox 3061 2752 3068 4559; baseline 0 0"><span class='ocrx_word' id='word_1_378' title='bbox 3061 2752 3068 4559; x_wconf 95' lang='lat' dir='ltr'> </span> 
     </span>
    </p>
   </div>
  </div>
 </body>
</html>
