3100 5050
874 427 1279 484 'I'HIETMARI
1315 426 1575 483 CHRON.
1645 428 1781 482 LIB.
1818 429 1954 484 VIII
1989 428 2156 495 (VII).
2534 429 2633 484 211

392 584 612 650 liberos
654 606 897 648 currere
939 583 1187 666 placuit
1201 582 1245 650 ¹.
1341 582 1502 648 Cum
1557 603 1704 648 vero
1759 582 1990 647 iterum
2047 581 2248 663 ceptis
2297 576 2636 662 persistere
2673 593 2821 648 1016.

390 668 655 748 studuit,
690 688 908 734 eorum
950 665 1340 733 conflacione
1377 675 1441 732 et
1476 669 1758 751 pessima
1791 667 2227 733 reluctacione
2253 687 2381 731 non
2407 668 2635 750 potuit.

392 754 620 820 Nullus
647 755 835 833 euim,
873 762 946 819 ut
971 754 1229 832 audio*,
1269 754 1380 837 qui
1408 754 1499 818 sic
1529 755 1737 838 presit
1763 752 1829 816 in
1863 773 2085 836 regno:
2123 773 2351 817 nomen
2385 758 2636 818 tantum

390 848 457 906 et
499 861 802 906 coronam
844 839 1038 905 habet
1082 847 1147 904 et
1190 841 1596 922 episcopatus
1640 839 1766 904 hiis
1811 838 1944 917 dat,
2004 838 2115 922 qui
2159 859 2198 902 a
2240 838 2639 922 principibus

115 947 140 970 ²·
159 947 246 994 soz.
267 947 355 988 155.
388 927 514 993 hiis
567 926 919 1009 eliguntur3
981 925 1065 988 ad
1110 946 1302 990 suam
1355 946 1503 990 vero
1569 924 1945 990 u*tilitatem
1995 944 2206 1006 pauca
2268 931 2491 989 tenens
2561 945 2640 988 ex

156 1033 177 1056 ²·
204 1035 360 1084 μειε.
388 1013 672 1097 inpensis
717 1011 1118 1076 antistitum⁸
1162 1011 1315 1076 vivit
1359 1017 1423 1075 et
1465 1011 1581 1076 hos
1625 1011 1724 1076 vel
1765 1010 1960 1076 *alios
2017 1011 2084 1074 in
2137 1009 2357 1092 aliquo
2401 1010 2638 1075 extrin-

389 1119 571 1164 secus
614 1096 981 1162 laborant-es
1024 1097 1269 1181 eripere
1312 1097 1555 1180 nequit.
1652 1095 1836 1161 Unde
1879 1096 1972 1160 hii
2023 1094 2319 1160 manibus
2380 1095 2640 1177 eompli-

392 1185 553 1250 catis
599 1182 847 1248 ounctis
889 1181 1271 1266 primatibus
1315 1180 1503 1247 velud
1546 1183 1684 1266 regi
1741 1201 1856 1246 suo
1905 1183 2184 1247 serviunt
2238 1186 2303 1246 et
2346 1182 2438 1246 sic
2479 1203 2638 1264 pac-e

389 1270 710 1334 fruuntur.
817 1267 915 1334 Ob
966 1268 1088 1334 hoc
1138 1268 1344 1332 solum
1395 1268 1547 1333 talis
1601 1274 1810 1334 rector
1860 1268 2029 1333 inter
2081 1287 2188 1332 eos
2251 1266 2637 1346 dominatur,

390 1363 465 1419 ut
508 1375 582 1420 eo
626 1353 887 1419 liberius
931 1354 1358 1438 malignorum
1402 1354 1623 1419 furorb
1666 1353 1935 1418 invicem
1990 1359 2255 1436 vagetur
2305 1359 2371 1418 et
2411 1374 2492 1418 ne
2535 1352 2639 1417 lex

392 1461 555 1505 nova
600 1439 861 1507 alterius
903 1440 1073 1522 regis
1102 1439 1195 1504 ibi
1228 1439 1544 1518 adveniat,
1591 1460 1756 1523 quae
1788 1439 2079 1504 inolitam
2115 1438 2638 1504 consuetudinem

391 1532 668 1608 rumpat.
739 1525 1178 1591 Willehelmus
1222 1545 1455 1605 comes,
1501 1525 1581 1589 de
1626 1545 1753 1608 quo
1796 1524 2064 1607 predixi,
2111 1524 2296 1589 miles
2341 1531 2438 1589 est
2472 1526 2640 1608 regis
3063 1601 3065 1608 Ι

390 1613 458 1678 111
517 1610 772 1675 nomine
834 1619 901 1674 et
962 1611 1261 1675 dominus
1322 1612 1391 1677 in
1450 1621 1585 1692 re03
1648 1617 1713 1675 et
1774 1611 1840 1674 in
1902 1609 2029 1674 hiis
2080 1608 2376 1692 partibus
2427 1610 2638 1674 nullus
3064 1610 3067 1662 l

390 1703 657 1762 vocatur
708 1717 944 1775 comeS‚
999 1698 1126 1760 nisi
1179 1698 1262 1776 is,
1319 1697 1430 1780 qui
1485 1696 1667 1761 ducis
1722 1694 2027 1761 honorem
2082 1695 2398 1778 possidet:
2453 1703 2517 1761 et
2561 1717 2641 1761 ne
3067 1707 3069 1724 ³

390 1782 566 1848 illius
610 1788 898 1864 potestas
942 1783 1011 1846 in
1053 1781 1178 1848 hac
1218 1785 1482 1865 regione
1526 1781 1719 1864 paulo
1765 1782 1974 1845 minus
2018 1783 2435 1859 minueretur,
2491 1802 2638 1846 con-

390 1869 533 1933 silio
578 1875 645 1933 et
678 1876 829 1933 actu
866 1868 1318 1952 imperatoriae
1361 1868 1705 1945 maiestati,
1754 1868 1919 1931 sicut
1952 1866 2220 1950 predixi,
2265 1869 2639 1932 reluctatur.

560 1954 664 2021 31.
735 1954 896 2038 (22.)
1003 1953 1077 2017 In
1147 1953 1519 2035 precedenti
1590 1951 1838 2018 estate2
1906 1952 2298 2018 Bernharius
2380 1960 2639 2018 sanctae
2679 1963 2811 2016 1015

392 2039 730 2104 Ferdensis
776 2038 1127 2103 aecclesiae
1169 2040 1314 2123 pius
1354 2046 1543 2122 pater
1587 2045 1652 2104 et
1695 2039 2021 2117 antistesd,
2075 2060 2220 2104 oum
2273 2059 2341 2104 se
2383 2041 2510 2104 iam
2557 2039 2641 2104 ad
2677 2046 2870 2112 (1014).

391 2125 788 2189 occasionem
833 2123 1026 2189 huius
1069 2125 1273 2189 vitaee
1316 2125 1583 2190 vidisset
1624 2124 1953 2201 inclinare,
2008 2133 2273 2190 cunctos
2318 2125 2640 2214 debitores

393 2230 545 2275 suos
596 2209 682 2276 ad
734 2231 803 2274 se
855 2209 1131 2275 dulciter
1175 2231 1403 2276 vocans
1465 2212 1535 2275 in
1588 2211 1793 2276 Deum
1847 2217 1912 2274 et
1967 2210 2034 2274 in
2087 2211 2462 2276 aecclesiam
2519 2211 2640 2276 sibi

394 2297 799 2361 commissam
841 2295 1215 2360 humanitus
1267 2296 1616 2380 deliquisse
1659 2297 2017 2361 ammonuit
2067 2303 2133 2360 et
2189 2295 2641 2363 confitentibus

394 2383 641 2447 cunctis
684 2381 1188 2447 misericorditer
1228 2382 1517 2451 indulsit.
1608 2381 1842 2448 Omnes
1886 2387 2120 2458 autem,
2167 2384 2279 2465 qui
2320 2403 2388 2447 se
2423 2383 2639 2466 aliquo

392 2473 619 2535 contra
683 2488 827 2533 eum
888 2468 1026 2534 fore
1088 2467 1439 2552 culpabiles
1501 2465 1871 2552 negabantf,
1945 2468 2037 2534 sic
2106 2468 2452 2551 arguebat:
2528 2467 2641 2533 ‘Ne

391 2575 617 2638 queSO,
671 2552 817 2633 filii,
880 2556 975 2619 sic
1026 2554 1307 2620 faciatis!
1413 2554 1561 2619 Non
1614 2554 1998 2637 concupisco
2051 2574 2163 2619 vos
2217 2577 2292 2619 ex
2347 2576 2490 2619 mea
2542 2556 2641 2619 vel

392 2640 780 2705 successoris
822 2643 948 2706 mei
992 2646 1177 2723 parte
1220 2641 1539 2705 ullatenus
1586 2639 1822 2723 decipi,
1878 2639 1992 2705 sed
2044 2662 2212 2706 nuno
2255 2661 2363 2755 Yos
2407 2641 2546 2705 volo
2601 2663 2642 2705 a

390 2725 632 2791 talibus
685 2727 922 2791 exsolvi
975 2733 1043 2791 et
1091 2747 1248 2808 pace
1304 2727 1554 2792 sincera
1607 2747 1648 2792 a
1690 2726 1870 2792 vobis
1923 2726 2264 2810 segregari.
2383 2727 2447 2791 Is
2502 2747 2640 2791 aec-

391 2812 656 2877 clesiam
707 2813 941 2876 suimet
992 2810 1145 2877 CCC
1199 2814 1439 2877 mansis
1491 2813 1660 2877 iuste
1703 2811 2045 2895 adquisitis
2098 2813 2390 2891 adauxit,
2442 2814 2640 2897 impe-

391 2904 674 2962 ratorem
726 2917 915 2961 suum
967 2902 1032 2961 et
1084 2917 1305 2963 omnes
1350 2898 1608 2964 Christo
1665 2897 1883 2963 fideles
1939 2919 2018 2962 ex
2062 2898 2252 2963 corde
2298 2897 2525 2963 dilexit
2575 2906 2643 2963 et

104 3004 129 3025 ¹·
152 3002 239 3051 soz.
261 3000 364 3041 1551.
391 2982 668 3046 maxime
702 2981 828 3046 sibi
862 2981 1153 3047 subditos
1188 2985 1421 3048 summi
1457 2984 1770 3067 *pastoris
1803 2984 2091 3069 exemplo
2129 2985 2386 3050 amavit.
2450 2983 2642 3049 Sede—

373 3067 507 3132 bat
547 3067 657 3132 ille
712 3067 811 3131 vir
860 3067 1244 3133 venerabilis
1284 3068 1542 3135 XXIIII
1587 3069 1896 3135 annos⁸·3
1941 3078 2005 3134 et
2048 3070 2278 3136 turrim
2321 3090 2516 3135 unam
2562 3070 2640 3134 de

391 3151 731 3237 lapidibus,
779 3153 893 3237 qui
924 3154 994 3217 in
1028 3152 1150 3218 hac
1184 3156 1398 3219 terrah
1432 3156 1625 3239 pauci
1657 3155 1995 3234 habentur,
2040 3157 2224 3223 iuxta
2258 3156 2638 3222 Ferdensem

392 3238 770 3304 aecclesiam
813 3238 1125 3304 fabricari
1168 3240 1422 3324 incipit3
1468 3248 1533 3306 et
1577 3243 1723 3306 exin
1768 3242 2136 3308 subtractus
2181 3250 2280 3308 est
2321 3263 2362 3306 a
2405 3242 2640 3307 nostris

391 3325 760 3408 aspectibus
803 3324 1032 3390 lucifer
1069 3325 1180 3389 ille
1216 3325 1393 3390 VIII.
1429 3326 1568 3393 Kal.
1596 3326 1804 3410 Aug.4
1891 3328 2075 3405 Quod
2121 3350 2264 3393 cum
2309 3330 2640 3411 inperator
2667 3350 2836 3390 1ul.25.

502 3462 558 3529 *)
596 3479 685 3517 rex
722 3466 803 3517 est
836 3463 964 3518 add.
993 3466 1041 3518 2.

390 3572 433 3622 a)
468 3574 678 3612 ansatum
705 3574 745 3612 1.
877 3574 923 3624 b)
958 3584 1085 3613 sutor
1110 3576 1150 3613 ι.
1286 3573 1327 3625 c)
1362 3576 1422 3614 ita
1450 3576 1501 3614 A.
1524 3576 1595 3622 εκ,-
1618 3567 1689 3616 ire
1713 3576 1864 3625 (terre)
1891 3580 2090 3616 musaeum
2116 3578 2163 3616 in
2188 3577 2254 3616 ire
2280 3579 2321 3616 1.
2453 3575 2499 3627 d)
2534 3578 2643 3616 anti-

392 3626 519 3665 stites
547 3628 586 3664 1.
691 3626 735 3675 e)
760 3623 826 3662 vit
850 3626 891 3665 1.
995 3624 1032 3674 f)
1058 3627 1279 3674 negabant
1304 3626 1369 3667 sic
1395 3629 1653 3677 arguebant,
1678 3639 1871 3677 nequoso
1897 3628 1930 3667 f.
1958 3638 1994 3668 s.
2021 3628 2195 3668 saciasti
2223 3632 2264 3667 1.
2366 3626 2414 3679 g)
2441 3630 2568 3668 annis
2587 3628 2640 3678 D,

392 3688 499 3717 corr.
523 3677 571 3717 Τ.
675 3676 725 3725 11)
751 3680 840 3715 trra
863 3677 920 3727 D,
947 3687 971 3716 e
996 3677 1097 3717 add.
1123 3678 1171 3718 T.

392 3772 445 3835 1)
486 3772 551 3826 V.
570 3771 817 3825 Ecbasin
846 3771 1065 3839 captivi,
1094 3772 1174 3826 ed.
1192 3774 1243 3826 I.
1263 3771 1491 3839 Grimm,
1521 3770 1887 3829 ‘Lateinische
1906 3774 2162 3829 Gedichte
2181 3775 2232 3828 d.
2254 3776 2335 3829 10.
2354 3791 2408 3827 u.
2431 3776 2515 3829 11.
2531 3776 2639 3829 lh!

390 3840 496 3900 (ed.
519 3841 702 3909 Voiyt)
735 3856 783 3894 v.
811 3841 878 3895 66
896 3856 972 3909 sq.
988 3860 1005 3893 .·
1057 3839 1137 3893 Ac
1160 3840 1354 3895 misero
1380 3841 1551 3896 vitulo
1581 3881 1594 3895 .
1614 3880 1627 3893 .
1650 3883 1663 3896 .
1715 3842 1806 3897 Illi
1835 3843 2124 3897 consimilis
2150 3846 2365 3911 patrum
2391 3842 2643 3897 frenabar

391 3908 614 3962 habenis
643 3949 655 3963 .
676 3948 689 3961 .
712 3947 725 3961 .
808 3926 855 3963 v.
883 3911 971 3965 88:
1027 3906 1243 3962 Nititur
1272 3950 1284 3963 .
1306 3948 1347 3962 ..
1386 3926 1487 3979 quo
1530 3911 1702 3979 possit
1746 3927 1952 3965 currere
1997 3912 2125 3966 late.
2195 3929 2243 3965 v.
2271 3914 2396 3967 248:
2444 3910 2642 3965 Infelix

390 3976 591 4030 vitulus
620 4019 633 4031 .
653 4018 665 4031 .
686 4018 700 4031 .
769 3981 837 4031 L.
966 3978 1019 4043 2)
1056 3978 1169 4032 His
1194 3979 1371 4032 verbis
1398 3980 1554 4045 apud
1573 3986 1822 4033 nostrum
1846 3981 1988 4034 m‘hiz
2013 3981 2168 4035 aliud
2191 3981 2446 4049 temporis
2470 3981 2640 4048 siqni-

392 4046 555 4111 ficari
568 4052 748 4115 potest
770 4048 884 4101 nisi
906 4054 1089 4102 aestas
1116 4048 1255 4100 anni
1270 4047 1663 4113 praecedentis,
1691 4050 1728 4102 i.
1756 4065 1798 4103 e.
1830 4050 1978 4104 1015.
2051 4050 2257 4104 Tamen
2282 4050 2381 4103 hoc
2405 4048 2642 4115 fortasse

393 4132 523 4237 gum·
537 4131 728 4240 ‘par-Za.
756 4131 934 4197 errore
976 4115 1393 4238 eaelffiamalibtzs
1430 4116 1713 4238 Quecginb.
1745 4120 1974 4240 {Jetftum
2010 4126 2137 4240 ‹3th
2155 4118 2428 4240 ubihmors
2464 4119 2639 4241 ,Βῗέ

394 4199 793 4331 effatam
819 4199 1493 4334 3²3²12‘3222rmff2322;
1528 4269 1576 4306 v.
1595 4188 1753 4335 ⁰25,
1783 4202 1983 4318 aza?
1993 4227 2117 4310 '994.
2133 4202 2532 4311 waima..
2559 4228 2641 4335 a:

394 4336 532 4388 quae
565 4337 681 4389 epse
716 4323 754 4375 1
766 4321 825 4387 V,
861 4322 928 4376 19
974 4322 1039 4376 de
1072 4322 1415 4375 ordmatume
1450 4322 1748 4377 Bernharn
1794 4340 1858 4376 ex
1893 4326 2038 4377 Ann.
2080 4324 2266 4388 Queat.
2301 4325 2640 4393 conseo-ipsu,

388 4395 583 4455 postea
617 4392 756 4443 male
789 4391 1001 4444 videtur
1031 4391 1354 4445 intelleaeisse
1389 4396 1440 4445 et
1475 4408 1526 4443 a.
1560 4390 1662 4445 992
1682 4392 1941 4459 primum,
1977 4394 2112 4447 1015
2139 4394 2308 4459 iqitur
2332 4394 2640 4448 vicesimum

394 4464 649 4525 quartum
682 4458 829 4512 illius
864 4460 1101 4527 episcopi
1135 4475 1337 4513 armum
1370 4460 1636 4526 posuisse.
1773 4460 1828 4526 4)
1868 4462 2082 4515 Necrol.
2119 4461 2355 4515 Merseb.

2229 4564 2334 4618 14*
