3100 5050
1011 420 1420 476 TmnTMARI
1453 420 1719 477 onnon.
1788 422 1929 477 mn.
1962 420 2098 476 1111.
2608 424 2677 478 99
2712 382 2716 388 ’

423 575 580 727 s[inon
623 573 892 662 videbit]
947 574 1250 657 indigena
1299 592 1520 671 pacem
1574 573 1841 639 firmam.
1943 573 2487 659 Quandocumque
2529 595 2676 640 vero

467 662 598 729 omi
616 661 888 739 reside0‚
909 660 1268 745 apostolica
1293 662 1749 726 intercessione
1773 680 2057 745 paganos
2076 662 2406 743 quiescere
2426 661 2679 745 sper0.’]

593 748 698 814 63.
750 745 916 831 (41.)
1003 746 1106 831 [In
1151 754 1442 831 tempore
1482 745 1721 829 prefati
1754 745 2006 811 cesaris
2060 746 2245 811 multi
2299 746 2513 811 obiere
2566 747 2677 829 pii,

425 852 695 916 quorum
751 834 951 897 vitam
1002 836 1225 915 ignoro
1291 852 1366 897 ac
1431 838 1781 916 propterea
1824 831 1903 897 de
1946 830 2073 895 hiis
2114 832 2292 897 sileo.
2381 832 2480 896 De
2522 852 2677 915 quo-

421 939 565 983 rum
623 938 892 984 numero
949 917 1268 1001 quaedam
1313 919 1685 993 cometissa,
1744 918 2001 984 nomine
2060 916 2341 983 Cristina
2359 929 2405 997 ⁸,
2468 917 2677 1001 predii

423 1002 682 1083 suimet,
745 1003 918 1087 quod
970 1006 1039 1068 in
1093 1003 1332 1069 Stuvvib
1386 1003 1645 1068 civitate
1666 1002 1689 1047 ¹
1744 1003 2000 1081 habuit,
2074 1022 2371 1086 magnam
2426 1009 2675 1087 partem

420 1097 643 1155 sancto
688 1088 960 1155 tradidit
1003 1088 1318 1155 Mauricio
1368 1088 1438 1153 in
1482 1088 1947 1172 Magadaburg.
2044 1088 2221 1154 Haec
2262 1091 2433 1155 vitae
2482 1088 2675 1153 huius

424 1176 696 1240 celerem
748 1195 1008 1239 cursum
1065 1171 1261 1261 [cum]
1316 1174 1385 1238 in
1430 1174 1691 1239 Christo
1736 1175 1953 1239 vivens
2003 1174 2449 1258 pertransiret,
2498 1174 2672 1240 VIII.

423 1260 519 1325 Id.
567 1261 795 1325 Marcii
811 1258 840 1305 2
892 1259 978 1325 ad
1029 1260 1143 1324 diu
1197 1260 1405 1342 optati
1455 1260 1813 1325 thalamum
1870 1261 2089 1343 sponsi
2132 1260 2417 1343 gaudens
2470 1260 2669 1340 venit3
2698 1284 2827 1324 mart.
2844 1286 2885 1325 s.

168 1370 190 1393 *
208 1372 294 1421 soz.
314 1370 392 1412 τεν.
423 1345 595 1429 quod
639 1345 918 1411 Gisilero
962 1345 1421 1428 archipresuli⁰
1467 1344 1673 1433 [tunc]
1720 1346 2333 1427 Parthenopolitano
2378 1346 2477 1410 *in
2522 1346 2675 1423 Qui-

421 1430 824 1515 dilingeburg
867 1437 1022 1496 tunc
1065 1432 1345 1497 moranti
1389 1431 1482 1495 sic
1521 1430 2010 1497 manifestatum
2050 1438 2164 1497 est.
2258 1432 2574 1515 Apparuit
2616 1432 2674 1495 ei

423 1516 685 1600 quidam
730 1520 844 1595 vir,
888 1516 1106 1582 dicens
1153 1517 1238 1581 ei:
1303 1516 1568 1596 ‘Scisne,
1624 1517 1799 1600 quod
1843 1518 2051 1582 omnis
2094 1517 2351 1582 milicia·
2380 1518 2675 1582 caelestis

421 1605 744 1669 exercitus
789 1624 858 1667 se
900 1610 1208 1687 preparat
1249 1602 1336 1667 ad
1379 1602 1729 1667 adventum
1768 1603 2023 1669 Christo
2064 1602 2279 1667 fidelis·
2306 1603 2560 1667 animae
2596 1622 2675 1667 ac

420 1688 507 1753 ad
549 1688 932 1771 condignam
976 1689 1446 1771 susceptionem
1490 1689 1642 1753 talis
1686 1690 1997 1773 sponsae?
2093 1688 2231 1753 Iam
2286 1690 2452 1753 enim
2502 1689 2679 1753 venit

419 1773 504 1839 ad
571 1775 1152 1839 remunerationem
1217 1780 1410 1857 atque
1472 1773 1557 1838 ad
1626 1781 1929 1840 aeternae
1998 1776 2349 1839 mansionis
2417 1774 2673 1839 beatam

420 1860 636 1945 spem.’
744 1860 870 1938 Qui
921 1881 1066 1925 cum
1119 1860 1475 1943 evigilaret,
1531 1860 1909 1925 Waltherdo
1959 1867 2115 1925 tunc
2162 1864 2488 1945 preposito
2541 1861 2691 1945 pri,-¹

185 1970 207 1994 ²·
227 1984 279 2022 p.
298 1970 390 2016 vec.
419 1947 617 2011 mitus
649 1946 957 2025 innotuit3
999 1953 1064 2009 et
1099 1966 1246 2011 cum
1279 1946 1336 2019 is
1374 1945 1834 2011 *venerabilem
1873 1953 2235 2011 matronam
2270 1966 2353 2011 ex·
2382 1946 2506 2010 hac
2532 1947 2675 2011 luce

419 2031 642 2115 eadem
703 2038 916 2111 nocte,
982 2052 1110 2115 qua
1171 2029 1332 2095 haec
1381 2031 1522 2096 visa
1583 2038 1757 2111 sunt,
1822 2033 2133 2116 migrasse
2192 2051 2339 2096 mox
2398 2032 2671 2109 audiret,

419 2118 658 2182 seniori
699 2116 902 2183 refert
945 2124 1010 2181 et
1043 2117 1352 2183 visionem
1396 2137 1580 2182 suam
1630 2118 1795 2183 dixit
1826 2138 1969 2183 esse
2013 2118 2411 2201 completam.
2496 2116 2675 2182 Haec

417 2202 589 2268 bona
632 2214 925 2287 quaeque
969 2203 1400 2268 conscientiae
1460 2210 1679 2285 tegens
1734 2212 1979 2269 secreto
2025 2224 2179 2268 suae
2230 2203 2359 2268 fuit
2402 2204 2672 2269 caeteris

419 2286 886 2367 matronibusd‚
951 2310 1118 2371 quae
1172 2287 1346 2373 apud
1399 2289 1775 2354 modernos0
1834 2296 2017 2367 sunt,
2070 2290 2257 2373 longe
2320 2289 2670 2368 dissimilis,

418 2395 692 2458 quarum
735 2394 969 2457 magna
1010 2394 1162 2459 pars
1205 2372 1635 2440 menbratim*
1677 2375 1917 2440 iniuste
1960 2375 2441 2459 circumcincta,
2501 2374 2671 2457 quod

414 2460 640 2525 venale
673 2460 872 2525 habet
905 2460 974 2525 in
1011 2480 1098 2540 se,
1136 2461 1386 2525 cunctis
1419 2460 1819 2525 amatoribus
1852 2459 2134 2525 ostendit
2166 2467 2406 2544 aperte.
2483 2459 2673 2524 Cum-

418 2569 542 2631 que
595 2547 682 2612 sit
732 2546 800 2612 in
852 2547 977 2612 hiis
1029 2546 1471 2612 abhominatio
1528 2547 1649 2612 Dei
1702 2555 1768 2612 et
1819 2547 2095 2612 dedecus
2150 2547 2374 2626 seculi,
2428 2545 2671 2631 absque

415 2635 589 2699 omni
661 2633 909 2718 pudore
986 2653 1201 2698 coram
1280 2632 1652 2716 procedit**
1692 2663 1696 2670 ·
1732 2633 2062 2717 speculum
2140 2633 2347 2698 tocius
2428 2632 2668 2718 populi.

415 2719 625 2802 Turpe
677 2725 778 2784 est
797 2733 805 2742 ·
827 2739 904 2784 ac
955 2719 1147 2784 nimis
1201 2718 1591 2796 miserabile,
1655 2719 1825 2802 quod
1878 2725 2177 2802 peccator
2230 2719 2669 2803 unusquisque
2696 2738 3014 2795 ceperam:

414 2827 543 2870 non
575 2804 712 2869 vult
747 2803 1166 2883 delitesceref,
1205 2803 1319 2869 sed
1353 2805 1440 2870 ad
1476 2805 1837 2869 irrisionem
1876 2804 2060 2870 bonis
2098 2804 2281 2870 etad
2308 2803 2669 2889 exemplum

414 2890 604 2956 malis
645 2891 963 2974 presumit
1003 2891 1398 2978 procedere]
2376 2927 2383 2941 ι

585 2979 688 3044 64.
733 2973 897 3062 (42.)
967 2975 1070 3059 [ln
1113 2975 1339 3042 diebus
1383 2976 1513 3040 illis
1544 2977 1777 3060 'nupsit
1821 2975 2094 3043 Mahtild
2142 2975 2667 3055 sanctimonialiS,

412 3059 550 3126 filia
594 3060 996 3126 Thiedericiss
1049 3061 1458 3142 marchionis,
1509 3061 1767 3126 cuidam
1812 3061 2078 3138 Sclavm,
2142 3063 2395 3128 nomine
2449 3061 2668 3126 Prebi-

173 3169 196 3194 ³·
212 3171 384 3218 soa-14.
414 3146 650 3215 zlavo3.
759 3147 958 3230 [Quae
1001 3151 1164 3230 post]
1227 3169 1285 3212 a·
1319 3147 1977 3231 Brennebrugiensish
2027 3149 2269 3213 iniusto
2321 3145 2669 3232 provi'sore

413 3233 692 3297 civitatis
746 3231 1149 3299 ΒοΙίΙίιιῐοὶ·4
1207 3237 1396 3316 capta
1447 3234 1515 3297 in
1560 3239 1813 3298 tantum
1858 3235 2211 3298 constricta
2253 3243 2375 3312 est,
2432 3241 2506 3297 ut
2558 3254 2665 3298 ne—

413 3339 540 3402 que
602 3317 992 3383 dominicam
1050 3319 1450 3384 nativitatem
1515 3339 1635 3384 nec
1702 3319 1899 3383 aliam
1970 3319 2509 3403 sollempnitatem
2570 3319 2669 3384 vel

412 3404 653 3469 ieiunio
715 3405 1090 3488 congruenti
1148 3405 1480 3488 prevenire
1541 3405 1640 3469 vel
1707 3405 1953 3470 festivis
2022 3405 2343 3470 celebrare
2414 3403 2669 3487 gaudiis

411 3491 747 3574 potuisset.
859 3488 985 3554 Ubi
1043 3490 1362 3574 quendam
1418 3511 1689 3575 puerum
1750 3491 1994 3572 genuit,
2060 3511 2251 3574 quem
2306 3490 2667 3573 lugubriter

413 3575 724 3656 educavit,
767 3582 1120 3659 posteaque
1163 3583 1384 3642 tantae
1428 3577 1810 3642 solutionem
1853 3578 2151 3641 miseriae
2202 3574 2292 3663 [et
2328 3575 2664 3642 abbaciam

526 3713 582 3780 ει)
611 3730 718 3782 pro
751 3714 949 3770 iniuste
977 3742 1040 3751 —
1069 3714 1274 3768 cunctis
1307 3715 1444 3778 haec
1479 3715 1691 3769 ecchibet
1725 3717 1785 3769 2:
1826 3715 2108 3770 inhonesta
2124 3769 2129 3774 ,
2143 3715 2519 3768 circumcincta
2552 3715 2664 3767 tur-

616 3782 920 3850 pitudinem
955 3798 1122 3843 suam,
1162 3783 1313 3851 quasi
1349 3799 1467 3838 eam
1503 3782 1748 3836 venalem
1784 3781 1996 3848 habeat,
2036 3784 2254 3837 cunctis.

450 3910 459 3919 ¹
495 3852 588 3917 aeae)
624 3851 865 3919 procedit
899 3853 970 3913 et,
1007 3849 1146 3904 unde
1183 3849 1526 3905 verecundari
1562 3851 1799 3916 deberet,
1844 3853 2197 3906 irreverenter
2220 3853 2279 3906 in
2302 3852 2663 3920 spectaculum

616 3921 783 3975 totius
819 3920 1006 3990 populi
1039 3919 1192 3987 ponit
1227 3921 1274 3975 2.

413 4039 456 4090 a)
483 4040 675 4080 cristan·
692 4039 737 4090 0,
766 4039 896 4078 deleto
921 4049 948 4078 a
977 4039 1016 4078 T
1037 4039 1332 4090 superscripsit
1357 4038 1394 4087 13
1423 4037 1575 4080 deinde
1601 4039 1791 4078 radendo
1815 4041 1920 4089 alqae.
1948 4051 2056 4079 corr.
2086 4040 2281 4080 cristina.
2397 4039 2445 4092 b)
2472 4041 2592 4080 stnui
2620 4040 2663 4090 0,

411 4103 440 4130 v
468 4091 570 4130 add.
594 4094 642 4131 Τ.
762 4093 802 4141 c)
827 4091 1129 4140 archipresule
1157 4090 1200 4130 0.
1321 4089 1366 4139 d)
1392 4091 1604 4130 matronis
1634 4091 1680 4130 V.
1790 4091 1833 4142 e)
1861 4091 2088 4130 modernas
2118 4091 2161 4142 0,
2182 4091 2358 4195 §oz-‚22
2454 4089 2494 4142 f)
2520 4093 2581 4130 ita
2609 4091 2663 4140 V,-

2358 4170 2369 4192 5

411 4142 659 4184 delitiscere
687 4145 730 4184 0.
879 4146 925 4192 g)
942 4144 1071 4192 prius
1098 4153 1122 4180 e
1150 4151 1314 4182 erasum
1343 4145 1379 4181 1.
1510 4141 1562 4193 h)
1588 4143 1985 4193 brandebvrgensis
2011 4144 2059 4183 V.
2276 4155 2305 4183 a
2397 4153 2527 4192 neque
2551 4145 2663 4193 quie·

411 4205 534 4245 quam
559 4196 757 4242 mutavit,-
783 4193 980 4234 boubuto
1006 4194 1056 4234 L.

413 4300 442 4352 1
503 4297 728 4354 stoeben
769 4299 903 4354 villa
938 4298 1276 4367 stum-&rafica
1317 4313 1427 4352 non
1454 4298 1653 4364 procul
1696 4314 1733 4352 a
1769 4297 2071 4366 Camburyo
2106 4299 2183 4353 ad
2216 4298 2421 4353 Salam.
2501 4298 2659 4354 URS.

411 4367 444 4421 2
501 4368 599 4422 Ex
625 4369 844 4422 Necrol.
870 4366 1124 4434 Men-seb„
1151 4374 1214 4422 ut
1236 4365 1465 4422 videtur.
1578 4365 1632 4430 3)
1669 4366 1759 4420 De
1782 4367 1997 4420 nomine
2024 4365 2095 4426 cf.
2122 4368 2228 4434 IV,
2254 4369 2323 4422 58
2349 4365 2661 4430 Pribuvoius

412 4444 464 4492 et
503 4437 611 4499 IV,
654 4437 722 4491 45
757 4435 1085 4490 Boleslavus.
1223 4435 1278 4500 4)
1327 4435 1417 4490 De
1449 4451 1557 4504 quo
1592 4437 1663 4500 cf.
1698 4451 1872 4504 supra
1904 4435 2012 4500 IV,
2046 4437 2131 4490 22.

2282 4537 2355 4593 7*
