3100 5050
992 389 1409 445 -ΤΗΙΕΤΜΑΒΙ
1447 389 1711 445 CHRON.
1782 391 1924 446 LIB.
1960 391 2099 445 IIII.
2614 393 2683 447 65

181 559 204 580 *
231 570 278 606 ρ.
299 559 394 600 m.
422 545 487 604 et
545 540 875 605 Sicconem
932 543 1201 607 comites
1263 563 1340 607 ac
1403 541 1759 607 confratres
1834 542 2027 608 nudis
2081 543 2354 627 pedibus
2400 542 2686 610 *veniam
2720 556 2839 610 984.

418 626 818 710 postulantes
879 626 1266 710 dedignatur
1328 629 1673 710 suscipere.
1791 628 1975 706 Quod
2034 628 2127 694 hii
2189 650 2337 712 egre
2406 628 2687 695 ferentes

420 711 737 791 abierunt,
795 720 1108 797 cognatos
1153 714 1392 779 suimet
1434 723 1498 778 et
1544 715 1787 780 amicos
1831 735 1872 778 a
1917 713 2099 779 ducis
2144 715 2500 780 ministerio
2544 722 2685 782 toto

420 798 651 862 mentis
695 799 841 863 nisu
887 819 1182 864 amovere
1225 799 1575 868 studentes.
1665 799 1791 878 Qui
1834 821 1981 864 cum
2025 801 2386 883 palmarum
2430 799 2684 866 sollem·
2712 819 2931 860 Mart-1⁶.

417 883 530 948 nia
572 884 642 948 in
686 883 1132 968 Magadaburg
1175 884 1501 951 celebrare
1546 884 1873 964 voluisset,
1928 906 2147 950 omnes
2192 887 2471 969 regionis
2514 886 2687 952 illius

415 969 784 1052 principes¹
847 970 973 1035 huc
1037 972 1374 1037 convenire
1435 971 1689 1054 rogavit
1756 977 1949 1054 atque
2011 973 2323 1056 precepit,
2397 979 2687 1037 tractans

417 1054 736 1138 quomodo
789 1076 858 1121 se
912 1077 1067 1121 suae
1121 1057 1430 1141 potestati
1482 1056 1833 1122 subderent
1880 1058 2190 1141 regnique
2234 1078 2381 1124 eum
2426 1057 2687 1142 fastigio

416 1139 839 1208 sublevarent.
926 1142 1094 1207 Huic
1139 1141 1410 1207 consilio
1455 1143 1743 1208 maxima
1776 1154 1973 1226 pars·
2003 1163 2341 1226 procerum
2379 1143 2499 1208 hoc
2537 1142 2685 1208 dolo

418 1227 770 1305 consensit,
825 1227 999 1311 quod
1043 1227 1378 1294 licenciam
1423 1249 1465 1293 a
1518 1227 1778 1295 domino
1831 1228 2067 1293 suimet
2116 1249 2295 1312 rege,
2353 1229 2456 1294 cui
2511 1229 2686 1294 iura-

414 1319 614 1392 verat,
656 1313 838 1394 prius
863 1319 1112 1398 peteret
1135 1320 1410 1398 postque
1439 1335 1669 1380 secura
1702 1333 1867 1379 novo
1895 1315 2032 1398 regi
2066 1315 2350 1380 serviret.
2408 1313 2685 1392 Quidam

417 1405 633 1464 autem
698 1397 780 1463 ob
843 1401 980 1464 eius
1041 1399 1546 1483 indignationem
1610 1398 1909 1482 digressi,
1972 1399 2239 1466 occultis
2294 1400 2686 1465 meditantur

418 1484 694 1564 astutiis,
740 1484 1021 1569 qualiter
1063 1485 1183 1550 hoc
1227 1506 1579 1569 numquam
1623 1484 1810 1550 fieret
1823 1484 1869 1552 ².

159 1584 181 1608 *
199 1587 287 1636 sot·
307 1585 386 1626 δι’·
593 1571 650 1638 2.
685 1570 805 1655 (2.)
855 1571 1014 1638 Inde
1059 1592 1353 1654 egressus
1394 1571 1738 1636 Heinricus
1764 1572 2129 1654 proximum
2157 1570 2434 1655 *pascha
2460 1570 2683 1649 Quidi-
2710 1590 2838 1631 um.
2860 1592 2929 1631 2³.

417 1655 790 1740 lingeburgb
853 1656 1098 1721 festivis
1157 1654 1460 1743 per[egit]
1525 1656 1779 1740 gaudiis
1791 1654 1841 1721 3.
1960 1656 2101 1735 Quo
2173 1677 2441 1741 magnus
2503 1658 2684 1741 regni

419 1743 734 1825 primatus
769 1742 1113 1825 colligitur,
1161 1762 1202 1806 a
1237 1741 1625 1822 quibusdam
1661 1747 1879 1807 autem
1915 1743 2129 1807 venire
2166 1743 2279 1807 illo
2315 1743 2683 1808 nolentibus

418 1827 503 1892 ad
561 1829 779 1892 omnia
836 1827 1181 1910 diligenter
1236 1827 1636 1910 inquirenda·
1677 1827 1943 1893 nuntius
2006 1829 2305 1894 mittitur.
2413 1829 2553 1894 Hac
2615 1828 2685 1893 in

417 1912 769 1998 festivitate
828 1912 1000 1978 idem
1057 1934 1098 1977 a
1156 1913 1291 1977 suis
1345 1911 1603 1996 publice
1659 1934 1773 1978 rex
1830 1912 2199 1997 appellatur
2254 1913 2682 1997 laudibusque

419 1997 650 2064 divinis
695 1998 1034 2064 attollitur.
1127 1997 1270 2063 Huc
1313 1998 1551 2064 Miseco
1598 2005 1662 2064 et
1708 1999 1930 2064 Mistui
1974 2006 2040 2080 et
2076 1998 2445 2064 Bolizlovo⁴
2487 1999 2682 2064 duces

418 2105 563 2149 cum
609 2085 881 2174 caeteris
916 2081 1352 2149 ineffabilibus
1390 2082 1817 2165 confluebant,
1862 2085 2175 2151 auxilium
2215 2083 2342 2150 sibi
2379 2084 2681 2168 deinceps

419 2177 493 2234 ut
547 2170 687 2254 regi
745 2175 811 2235 et
866 2169 1126 2235 domino
1186 2191 1330 2234 cum
1389 2170 1769 2236 iuramentis
1828 2169 2247 2238 affirmantes.
2352 2169 2544 2235 Multi
2602 2191 2681 2234 ex

418 2255 520 2320 his
564 2254 756 2320 fidem
792 2254 1034 2321 violare
1069 2255 1150 2321 ob
1185 2256 1480 2321 timorem
1518 2257 1641 2321 Dei
1687 2278 1819 2321 non
1864 2261 2303 2339 presumentes
2345 2256 2679 2339 paululum

415 2349 758 2407 evaserunt
800 2347 868 2406 et
910 2341 995 2407 ad
1040 2342 1365 2407 civitatem
1409 2339 1895 2426 Hesleburg⁰·⁵,
1954 2361 2083 2425 quo
2130 2342 2414 2406 consocii
2456 2361 2678 2406 eorum

415 2426 722 2493 adversus
768 2428 994 2493 ducem
1039 2428 1168 2492 iam
1209 2427 1424 2512 palam
1461 2428 1907 2510 conspirantes
1938 2426 2422 2505 conveniebant,
2473 2423 2677 2512 [festi-

416 2512 696 2601 navere].
785 2513 1074 2593 Quorum
1110 2513 1271 2579 haec
1308 2520 1458 2579 sunt
1500 2515 1781 2579 nomina.
1870 2513 1970 2578 Ex
2006 2513 2251 2578 oriente
2286 2512 2381 2577 hii
2418 2512 2683 2578 comites

415 2620 563 2666 cum
606 2600 980 2666 Bernhardo
1036 2599 1196 2665 duce
1251 2605 1316 2665 et
1358 2599 1700 2665 Thiedrico
1755 2599 2145 2677 marchione,
2203 2597 2619 2663 Ekki-hardus
2632 2598 2681 2677 6,

415 2687 578 2765 Bii0,
635 2688 784 2751 Esic
798 2686 846 2765 ⁷,
903 2684 1328 2751 Bernwardus
1373 2706 1585 2751 comes
1630 2692 1697 2750 et
1739 2684 2011 2750 clericus
2026 2684 2072 2763 Β,
2129 2682 2356 2749 Sifrith
2414 2684 2681 2767 eiusque

414 2770 586 2837 filius
599 2771 648 2853 9,
678 2772 1080 2838 Frithericus
1102 2770 1162 2819 ¹⁰
1189 2778 1255 2835 et
1296 2770 1499 2837 Ciazo
1519 2770 1575 2815 ¹¹
1604 2769 1980 2835 confratres.
2056 2769 2680 2853 conprovincialium

416 2866 634 2923 autem
662 2854 1042 2923 Thiedricus
1069 2863 1137 2923 et
1161 2856 1375 2921 Sibert
1399 2856 1760 2922 confratres
1780 2854 1857 2935 ¹²,
1905 2853 2215 2934 Hoi0013,
2267 2852 2679 2919 Ekkihardus

416 2951 482 3008 et
516 2943 758 3009 Bezeco
794 2944 1101 3027 germani,
1139 2942 1383 3026 Brunig
1425 2949 1491 3007 et
1524 2943 1647 3021 sui,
1685 2942 2052 3026 militesque
2087 2940 2296 3005 sancti
2333 2940 2602 3005 Martini
2621 2938 2677 2985 ¹4

415 3082 459 3131 a)
485 3083 550 3121 lta
584 3082 640 3130 V,·
665 3091 768 3131 pm
795 3082 848 3121 Β.
953 3078 1002 3128 b)
1029 3080 1420 3130 quidelingaburg
1446 3081 1500 3119 Β.
1605 3079 1648 3132 c)
1677 3081 1918 3129 hesteburg
1942 3081 1995 3130 B,
2022 3090 2129 3118 corr.
2155 3079 2204 3129 T,
2228 3081 2276 3118 nt
2300 3077 2479 3118 videtur.

417 3170 448 3223 1
455 3175 474 3231 )
509 3170 690 3235 Iaitur
725 3166 1054 3235 Siyifridum
1087 3182 1295 3236 quoque
1333 3166 1632 3221 Thietman'
1654 3173 1887 3234 patrem,
1931 3166 2028 3236 qui
2058 3163 2213 3232 infra
2246 3165 2387 3219 inter
2421 3166 2678 3220 adversa·

413 3239 530 3294 rios
564 3238 722 3293 ducis
755 3253 866 3291 non
900 3236 1116 3290 dicit-ur.
1254 3236 1310 3301 2)
1347 3233 1502 3301 C'onf.
1530 3236 1678 3289 Arm.
1707 3235 1955 3289 Hildesh.
1990 3235 2043 3289 h.
2080 3251 2132 3289 a.
2262 3233 2317 3297 3)
2363 3234 2471 3289 Ubi
2499 3235 2679 3301 ipsam

417 3308 788 3362 ssietvmrum
825 3320 1064 3372 puerum
1101 3310 1235 3359 tunc
1268 3302 1518 3369 adfuisoe
1551 3320 1619 3357 ex
1646 3304 1687 3357 I
1694 3304 1755 3365 V,
1784 3306 1848 3358 16
1879 3302 2260 3371 perspicimus.
2396 3301 2452 3367 4)
2491 3303 2677 3356 Boles-

415 3377 576 3430 lavas
612 3376 696 3429 II.
734 3374 848 3428 dux
880 3372 1178 3428 Bohemiae
1214 3370 1548 3438 (967—999).
1665 3372 1720 3438 5)
1764 3371 2151 3427 Hom-Assel
2178 3386 2353 3439 prope
2387 3370 2683 3439 Burydorf

412 3446 556 3499 inter
601 3442 938 3498 Hildesheim
983 3447 1036 3496 et
1093 3440 1491 3509 Wolt'enbvzttel.
1645 3439 1699 3504 6)
1751 3440 2023 3495 Gunthen'
2067 3439 2400 3495 marchionis
2447 3440 2682 3507 depositi

418 3514 482 3575 (I
491 3513 552 3579 V,
588 3511 678 3577 39)
705 3510 862 3579 filius
896 3516 948 3565 et
975 3517 1170 3577 postea
1205 3511 1446 3565 marchio
1485 3509 1806 3563 Misniensis
1841 3509 2209 3573 (985-1002).
2362 3509 2415 3573 7)
2464 3508 2593 3562 Biia
2627 3513 2681 3561 et

415 3582 555 3637 Este
589 3582 803 3636 comites
831 3579 1325 3649 Merseburyensest,
1363 3580 1428 3635 de
1463 3578 1663 3647 quibus
1702 3579 1774 3644 ef.
1812 3574 1989 3631 ‘Neue
2028 3575 2300 3631 Mittheil!
2338 3576 2531 3630 XVII
2560 3576 2593 3629 l.
2632 3592 2677 3629 c.

414 3652 468 3715 8)
530 3651 734 3705 Postea
792 3646 1052 3715 monster
1117 3649 1262 3716 regis
1322 3646 1444 3712 (987
1463 3674 1531 3683 -
1547 3645 1673 3711 993)
1743 3652 1794 3701 et
1862 3647 2150 3713 episcopus
2213 3644 2678 3717 Hildeshemensis

415 3716 793 3783 (993-1022);
831 3715 992 3771 cuius
1030 3716 1158 3771 Vita
1194 3722 1415 3770 auctore
1444 3716 1797 3783 Thanymaro
1832 3720 2012 3769 exstat
2036 3713 2134 3768 88.
2154 3714 2261 3767 IV.
2364 3712 2419 3777 9)
2456 3710 2676 3780 Βιζΐνίιὴ,

417 3803 589 3843 comes
609 3785 1016 3842 Not-thamensis
1041 3784 1262 3853 eiusque
1279 3784 1426 3847 filius
1446 3800 1510 3838 ae
1584 3784 1785 3838 ivocus.
1840 3785 1930 3837 De
1955 3784 2151 3853 quibus
2178 3783 2365 3848 confer
2383 3780 2675 3845 Schrader,

415 3856 544 3911 ‘Die
569 3858 772 3911 alta-en
798 3857 1314 3924 Dynastenstitmme
1345 3853 1482 3908 zwis
1549 3868 1616 3906 en
1644 3851 1829 3917 Leine,
1869 3850 2058 3906 Weser
2082 3850 2201 3904 und
2215 3850 2485 3914 Diemel'‚·
2522 3864 2677 3917 quem

413 3926 500 3981 hic
535 3932 714 3980 tamen
750 3926 901 3979 locus
925 3922 1098 3990 fuqit.
1169 3922 1236 3975 L.
1390 3920 1477 3986 10)
1514 3920 1701 3975 Comes
1736 3920 2215 3987 E'ilenburyensiae
2264 3919 2336 3983 ef.
2385 3918 2555 3983 VIII,
2590 3917 2674 3972 50.

415 3993 503 4058 11)
556 3993 666 4058 Qui
706 3990 860 4059 infra
904 4008 950 4046 c.
985 3992 1055 4047 44
1097 3989 1278 4052 Ziazo,
1323 3990 1384 4042 in
1429 3990 1724 4057 diplomate
1767 3995 1949 4044 autem
1995 4006 2049 4042 a.
2093 3988 2231 4043 1000
2272 3987 2399 4041 Ian.
2433 3988 2498 4041 31
2546 3986 2676 4038 dato

415 4062 600 4125 (Stum
639 4061 676 4127 f
705 4062 864 4124 1211)
897 4059 1052 4115 Zazzi
1086 4065 1311 4115 vocatus
1344 4058 1488 4111 idem
1521 4058 1736 4112 videtur
1758 4058 1944 4125 fuisse
1979 4064 2139 4125 atque
2174 4055 2365 4109 Daedi
2394 4055 2483 4107 ille
2521 4054 2673 4107 Thie-

415 4132 561 4185 drici
594 4078 659 4184 ge
694 4128 859 4194 tribu,
933 4144 1032 4183 uae
1068 4127 1253 4181 Buzici
1289 4125 1503 4189 dicitur,
1529 4125 1689 4193 filius
1723 4130 1750 4185 (
1763 4126 1858 4193 VI,
1894 4125 2005 4193 50),
2043 4126 2199 4203 cuius
2224 4123 2471 4203 ,nominis
2506 4122 2676 4177 aliam

399 4201 648 4264 formam
684 4196 826 4252 Dadi
878 4146 1096 4254 aiduh.
1124 4197 1246 4263 III,
1286 4196 1351 4250 18
1386 4194 1617 4250 exhibet.
1701 4195 1766 4248 V.
1802 4196 1977 4249 ‘Neue
2016 4191 2451 4271 Matthettunqen'
2491 4192 2555 4244 X
2562 4190 2682 4271 VII

407 4284 468 4335 p.
495 4268 716 4323 32—34.
792 4266 946 4334 Conf.
979 4267 1158 4334 poton.
1194 4263 1420 4318 dziekan
1443 4284 1515 4308 =
1542 4262 1804 4330 decanus,
1839 4261 2066 4317 dziakon
2090 4282 2162 4305 =
2195 4261 2481 4339 amorque,
2519 4257 2676 4313 dziad

413 4356 483 4380 =
519 4337 635 4391 boh.
673 4331 776 4391 ded
808 4340 902 4398 (=
936 4335 1114 4396 avus).
1271 4332 1359 4395 12)
1427 4332 1487 4386 V.
1523 4347 1700 4398 supra
1734 4348 1778 4387 c.
1808 4333 1858 4385 1.
2025 4330 2112 4396 13)
2167 4328 2324 4395 Gonf.
2360 4326 2517 4395 mfra
2552 4345 2596 4382 c.
2624 4330 2673 4382 8.

417 4404 505 4470 14)
541 4404 756 4461 Scilicet
790 4405 1045 4460 ecclesiae
1081 4401 1567 4470 archiepiscopatus
1605 4401 1976 4468 Maqontinae.

2298 4500 2333 4555 5
