3100 5050
1096 425 1504 480 THIE'I'MARI
1543 424 1980 482 CHRONICON.
2593 426 2674 480 IX

404 584 635 668 yenujss
695 581 1016 646 Heriberti
1074 580 1260 644 liberi
1310 579 1450 642 Otto
1503 579 1610 664 (de
1658 578 2084 663 Hamerstein)
2106 580 2127 623 ¹
2172 592 2229 645 et
2276 580 2677 644 Gebehardus

405 686 654 749 comites
696 694 753 748 et
801 683 1124 769 Ger-berqa
1168 683 1461 746 Heinrici
1502 683 1885 746 marchionis
1926 704 2092 746 uxor
2104 681 2151 748 2.

521 823 526 827 ·
580 786 850 850 Fratres
912 784 1306 849 Tbietmarus
1349 786 1568 851 habuit
1612 785 1987 848 Heinricum
2031 786 2306 849 comitem
2349 796 2407 849 et
2451 785 2677 850 Fride-

405 891 606 955 ricum
619 887 670 970 3,
716 911 889 975 quem
930 899 1145 974 postea
1191 887 1582 973 praefectum
1628 887 2220 972 Maqdeburqensem
2253 888 2502 973 factum
2551 911 2675 954 esse

404 993 571 1062 Ann.
630 989 807 1055 Saoeo
863 1015 923 1057 a.
969 989 1116 1057 998.
1173 989 1398 1074 refert,
1463 989 1859 1076 Siyifridum
1915 989 2192 1054 abbatem
2252 990 2316 1055 S.
2364 990 2679 1056 Johannis

403 1092 1010 1181 Maydeburqensis4
1103 1094 1266 1159 1009
1298 1131 1374 1140 —-
1411 1093 1606 1172 1022,
1693 1093 2046 1177 episcopum
2128 1093 2676 1158 Monasteriensem

409 1197 874 1276 1022-1032,
917 1207 974 1260 et
1012 1197 1372 1259 Brunonem
1414 1196 1703 1260 Corbeiae
1738 1196 2064 1260 educatum
2079 1195 2125 1280 ⁵,
2173 1196 2449 1260 abbatem
2484 1197 2678 1261 Nien-

406 1300 764 1385 buryensem
793 1299 1109 1384 Her-dinqi
1143 1321 1565 1378 successorem,
1602 1299 2198 1384 Maydeburqensem
2231 1299 2678 1378 1025—1034,

406 1403 784 1496 episcopum·
821 1401 1180 1466 Verdensem
1247 1401 1502 1466 1034—
1523 1402 1708 1468 1049.
1813 1400 1921 1463 Ad
1973 1423 2122 1486 quos
2179 1402 2417 1466 accedit
2484 1401 2680 1465 Willi-

408 1505 583 1590 9isus
635 1504 980 1568 Thietmari
1023 1527 1100 1568 etc
1152 1514 1335 1589 patre
1379 1503 1626 1588 frater,
1687 1526 1862 1588 quem
1919 1505 2029 1568 ille
2084 1505 2407 1589 episcopus
2449 1505 2679 1569 Merse-

407 1606 726 1692 buryensis
769 1605 988 1670 electus
1022 1608 1454 1692 praepositum
1501 1606 1976 1670 Walbeccensem
2017 1617 2156 1690 post
2200 1629 2259 1670 se
2304 1605 2677 1674 constituitf’.

577 1709 953 1772 Liutbarius
1011 1718 1260 1794 uterque
1313 1709 1663 1773 Thietmari
1716 1730 1993 1792 proavus
2050 1709 2119 1772 in
2172 1731 2389 1795 puyna
2434 1732 2493 1775 a.
2532 1711 2676 1775 929.

403 1835 596 1897 prope
633 1811 875 1876 Lenzen
920 1813 1246 1875 commissa
1291 1811 1596 1876 interiit7.
1687 1810 2059 1875 Lintharius
2095 1834 2250 1876 avus
2294 1812 2428 1876 eius
2470 1835 2678 1876 mona-

403 1914 658 1978 sterium
711 1915 782 1977 in
825 1914 976 1978 urbe
1019 1936 1137 1977 sua
1198 1913 1485 1978 Walbeck
1523 1912 1883 1998 fundavit8
1934 1924 1991 1978 et
2033 1915 2283 1979 testibus
2329 1914 2681 1979 Annalibus

403 2017 630 2081 necrol.
693 2016 880 2080 Fuld.
950 2015 1100 2099 (SS.
1144 2015 1348 2099 XIII)
1409 2038 1471 2081 a.
1511 2017 1658 2080 964.
1723 2028 1998 2081 mortuus
2056 2028 2160 2082 est.
2259 2017 2450 2081 Cuius
2493 2017 2681 2100 filius

406 2118 769 2205 Siqifridus
821 2141 880 2181 a.
921 2120 1066 2185 972.
1123 2118 1354 2183 caelebs
1405 2142 1539 2182 cum
1588 2119 1847 2184 Hodone
1898 2120 2253 2184 marchione
2306 2130 2519 2183 contra
2565 2119 2681 2183 Po-

405 2223 576 2287 lonos
609 2220 925 2306 profectus
952 2221 1129 2286 cladi
1153 2222 1534 2286 Zekdenensi
1568 2222 1862 2307 interfuit
1877 2220 1924 2285 9.
2016 2222 2095 2286 A.
2126 2222 2271 2289 979.
2304 2245 2438 2284 cum
2460 2221 2680 2306 fratre

406 2325 745 2390 Liuthario
810 2323 1116 2389 Geronem
1179 2326 1457 2389 comitem
1521 2335 1767 2410 captum
1829 2324 2297 2388 custodiendum
2354 2324 2588 2409 accepit
2606 2323 2681 2392 ¹⁰.

408 2428 484 2492 A.
516 2427 661 2496 983.
698 2437 912 2490 contra
954 2424 1175 2520 Slavos
1197 2427 1611 2520 puynavit¹¹,
1657 2451 1717 2495 a.
1746 2429 1891 2494 984.
1932 2427 2093 2491 inter
2128 2437 2452 2492 sectatores
2474 2426 2679 2490 .Hein-

404 2504 1032 2615 ramam-..
1017 2554 1078 2594 a.
1107 2531 1252 2597 990.
1284 2505 1669 2616 expeditioni
1695 2542 1912 2595 contra
1941 2532 2242 2594 Bobaemos
2268 2540 2581 2615 susceptae
2599 2528 2678 2614 ¹3,

405 2658 465 2698 a.
494 2633 643 2699 991.
686 2634 765 2712 ei,
811 2656 966 2717 quae
1010 2643 1226 2697 contra
1267 2632 1573 2697 Liuticios
1616 2634 1705 2696 ad
1747 2632 1957 2697 urbem
1995 2632 2457 2717 Brandenburq
2489 2632 2679 2717 facta

403 2748 510 2815 est,
552 2736 864 2820 interfuit.
963 2734 1106 2809 Qua
1150 2737 1220 2799 in
1255 2759 1322 2800 re
1359 2760 1494 2800 cum
1538 2737 1616 2800 ab
1653 2758 1805 2821 equo
1841 2737 2172 2813 cecidisset,
2218 2736 2475 2819 infirma
2518 2736 2679 2799 vale-

403 2839 620 2903 tudine
666 2838 954 2902 laborare
991 2839 1206 2923 coepit,
1251 2849 1321 2901 ut
1355 2862 1542 2902 arma
1573 2838 1758 2924 ferre
1794 2861 1917 2903 non.
1962 2840 2091 2902 iam
2131 2848 2333 2924 posset
2357 2836 2430 2901 ¹4.
2508 2838 2681 2903 Mor-

405 2953 548 3005 tuus
591 2952 679 3005 est
721 2942 792 3003 in
836 2942 1084 3004 civitate
1143 2940 1433 3005 Walbeck
1479 2965 1539 3006 a.
1580 2944 1724 3008 992.
1778 2943 1969 3007 Mart.
2020 2943 2099 3005 15
2121 2940 2194 3003 ¹⁵.
2286 2941 2427 3024 Ipse
2482 2941 2680 3004 Thiet-

404 3067 621 3109 marus
647 3054 832 3108 natus
868 3067 928 3109 a.
959 3044 1103 3110 975.
1135 3043 1268 3110 Jul.
1298 3045 1397 3111 25.
1424 3044 1483 3088 16
1517 3055 1698 3129 atque
1730 3044 1963 3129 primis
1993 3043 2343 3106 litterarum
2371 3042 2680 3107 elementis

404 3148 476 3210 in
531 3147 676 3211 urbe
741 3145 1171 3232 Quedlinburq
1235 3148 1312 3210 ab
1375 3147 1687 3211 Emnilda
1740 3148 1955 3232 patris
2018 3155 2353 3209 matertera
2414 3144 2680 3209 imbutus

403 3275 461 3314 a.
493 3252 638 3317 988.
676 3249 971 3334 Ricdaqo
1016 3250 1232 3314 abbati
1269 3248 1335 3313 S.
1365 3249 1681 3314 Jobannis
1718 3249 2279 3334 Maydeburqe-nsis
2323 3248 2681 3312 educandus

403 3351 678 3415 traditus
747 3362 848 3415 est.
937 3352 1092 3416 Inde
1155 3375 1217 3417 a.
1273 3353 1420 3420 991.
1483 3352 1647 3415 inter
1708 3353 2036 3416 canonicos
2099 3349 2163 3414 S.
2211 3351 2525 3414 Mauricii
2584 3373 2676 3415 re-

404 3453 686 3539 ceptus¹⁷
731 3478 790 3517 a.
835 3456 1020 3521 1002.
1065 3456 1466 3540 praepositus
1525 3452 2074 3532 Walbeccensisffi,
2134 3477 2195 3519 a.
2244 3464 2443 3517 autem
2495 3454 2677 3520 1009.

403 3558 726 3643 episcopus
768 3558 1302 3644 Merseburyensis
1332 3558 1559 3643 factus
1612 3567 1717 3636 est,
1772 3580 1889 3641 quo
1932 3580 2183 3621 munere
2228 3580 2438 3621 novem
2485 3579 2682 3621 annos

391 3659 657 3745 functus
700 3684 761 3727 a.
805 3660 987 3727 1018.
1033 3660 1183 3724 Dec.
1220 3667 1276 3727 1.
1325 3684 1402 3725 eoe
1447 3662 1578 3725 vita
1622 3661 1878 3726 decessit
1898 3658 1973 3724 ¹⁹.

408 3848 459 3914 1)
509 3848 572 3915 V,
609 3851 696 3905 24.
835 3850 894 3916 2)
944 3850 1006 3916 V,
1051 3851 1136 3904 35.
1275 3849 1331 3914 3)
1368 3850 1479 3917 IV,
1515 3851 1617 3905 41:
1672 3866 1791 3903 cum
1836 3849 2190 3905 confratribus
2234 3852 2367 3906 meis
2410 3850 2681 3913 Heinrico,

405 3934 725 3989 Fritherico.
891 3935 947 3999 4)
994 3934 1129 4000 VII,
1178 3934 1236 3987 1:
1292 3934 1462 3989 fratre
1508 3952 1627 3989 meo
1672 3934 1871 3989 abbate
1915 3935 2188 4005 Sigifrido.
2352 3938 2406 4001 5)
2444 3934 2559 4002 IV,
2596 3938 2680 3990 70.

403 4019 458 4085 6)
475 4020 572 4087 VI,
599 4021 688 4075 47.
792 4022 844 4086 7)
875 4022 926 4086 Ι,
956 4020 1039 4075 10.
1143 4021 1198 4085 8)
1216 4020 1312 4087 VI,
1338 4021 1424 4075 43.
1529 4020 1585 4084 9)
1613 4023 1698 4084 ΙΙ,
1726 4022 1810 4075 29.
1920 4021 2005 4088 10)
2032 4022 2154 4089 III,
2182 4023 2231 4075 9.
2340 4020 2425 4084 11)
2453 4021 2575 4087 ΙΙΙ,
2598 4022 2679 4074 19.

405 4105 492 4171 12)
529 4105 640 4173 IV,
677 4106 832 4159 2-7.
974 4105 1062 4172 13)
1099 4105 1212 4172 IV,
1252 4107 1472 4161 11—13.
1632 4106 1717 4172 14)
1757 4107 1865 4169 IV,
1906 4107 1986 4162 16.
2128 4108 2214 4172 15)
2250 4107 2361 4173 IV,
2401 4107 2498 4172 17;
2541 4121 2682 4174 quae

407 4194 552 4247 Ann.
591 4192 742 4247 Saxo
780 4192 845 4246 de
879 4193 964 4246 his
999 4192 1162 4246 rebus
1196 4198 1420 4258 narrat,
1456 4193 1667 4246 nullius
1702 4200 1831 4247 sunt
1867 4193 2154 4259 momenti,
2198 4192 2459 4261 quoniam
2492 4191 2582 4244 ille
2616 4208 2682 4245 ea

401 4294 467 4332 ea
502 4293 612 4331 uno
643 4278 956 4331 Thietmaro
992 4279 1214 4345 colleyit.
1269 4288 1277 4297 ·
1359 4278 1442 4343 16)
1483 4279 1604 4344 ΙΙΙ,
1643 4280 1692 4333 6.
1834 4278 1919 4339 17)
1956 4277 2063 4340 IV,
2103 4279 2186 4332 16.
2324 4275 2413 4340 18)
2462 4278 2560 4343 VI,
2595 4278 2680 4332 44.

405 4364 494 4429 19)
531 4362 688 4430 Oonf.
737 4362 946 4417 ‘Neues
979 4363 1202 4419 Archiv'
1249 4364 1420 4431 XIV,
1450 4380 1512 4431 p.
1540 4363 1777 4431 84—86,·
1826 4364 1995 4431 plura
2039 4363 2104 4416 de
2144 4361 2443 4417 Thictmari
2482 4362 2595 4416 vita
2630 4378 2679 4415 υ.

400 4450 556 4517 apud
587 4448 887 4505 Strobitzki
920 4446 1355 4517 ‘Forschunyen’
1396 4450 1493 4504 XI
1503 4450 1567 4515 V,
1601 4466 1654 4517 p.
1682 4449 1975 4505 349—366.
