3100 5050
254 552 405 608 1018.

203 2772 333 2811 Febr.
356 2772 421 2810 1'1.

440 382 543 439 244
938 379 1348 436 THIETMARI
1382 378 1648 437 CHRON.
1717 381 1856 436 LIB.
1893 381 1972 435 IX
2008 381 2206 447 (VIII).

442 555 595 598 nece
632 532 999 615 Wigmanni
1036 532 1292 596 comitis
1334 532 1425 595 nil
1472 552 1541 596 se
1589 539 1998 598 excusantem
2047 532 2330 615 legitime
2376 552 2521 598 cum
2566 535 2708 598 suis

440 617 989 699 conspiratoribus
1032 616 1445 681 recalcitrare
1490 617 1866 700 comperit*.

611 705 669 770 8.
716 702 837 788 (6.)
909 702 1211 766 *Interim
1223 704 1321 781 **,
1388 701 1541 765 dum
1599 700 1778 766 fama
1831 702 2014 767 velox
2070 702 2357 785 aliquid·
2413 704 2559 768 novi
2621 702 2713 768 ad
2749 710 2778 733 *
2801 709 3010 758 f01·1⁸⁰›

440 787 849 854 scribendum
895 786 1147 852 deferat
1186 786 1365 864 mihi,
1411 786 1738 851 hominum
1778 788 1976 852 vitam
2011 788 2287 870 piorum,
2335 808 2526 871 quam
2563 808 2706 869 eg0,

440 874 783 958 culpabilis
829 879 895 938 et
951 872 1299 937 obliviosus
1352 872 1547 936 nimis
1600 873 1898 955 superius
1950 871 2288 938 dicendam
2339 873 2708 957 preterivib‚

440 960 787 1044 explanare
835 980 1004 1024 nunc
1050 957 1266 1024 ardeo,
1359 957 1437 1021 In
1480 956 1879 1041 temporibus
1932 956 2240 1022 secundi⁰
2291 959 2461 1042 regis
2495 958 2708 1022 Hein-

440 1046 560 1110 rici
614 1044 740 1110 fuit
802 1043 1120 1125 quaedam
1189 1043 1485 1108 solitaria
1540 1042 1689 1108 Sisu
1749 1043 2017 1107 vocata¹
2070 1045 2137 1107 in
2194 1045 2336 1106 loco
2391 1042 2708 1108 Thrubizi

442 1128 660 1196 dicto2
713 1131 1042 1194 inmensae
1094 1128 1362 1211 pietatis
1408 1149 1485 1192 ac
1527 1148 1646 1211 per
1686 1127 1812 1192 hoc
1857 1128 2012 1193 mihi
2057 1126 2422 1194 ineffabilis.
2525 1129 2707 1207 Quae

442 1219 571 1280 iam
625 1216 853 1280 adulta
906 1233 1052 1278 cum
1105 1234 1146 1279 a
1202 1212 1485 1294 quodam
1537 1213 2044 1294 desponsaretur
2097 1219 2384 1295 tempore
2441 1214 2707 1278 maximi

443 1300 719 1380 Ottonis,
756 1298 840 1365 ad
870 1298 1220 1378 Christum,
1258 1319 1449 1382 quem
1482 1299 1778 1384 inprimis
1812 1297 1963 1363 fidei
1991 1299 2270 1383 speciale
2307 1299 2706 1382 signaculum

440 1390 508 1452 in
553 1385 745 1450 corde
788 1405 905 1467 pre
947 1384 1244 1449 omnibus
1289 1383 1521 1462 infixit,
1569 1384 1820 1449 concito
1856 1404 2051 1450 cursu
2085 1384 2480 1467 properavit3
2525 1403 2600 1448 ac
2635 1387 2708 1448 in

442 1470 771 1554 predictae
816 1476 1063 1534 secreto
1108 1470 1390 1534 civitatis
1437 1490 1640 1534 annos
1683 1471 2018 1553 sexaginta
2073 1469 2392 1553 quatuor‘1
2444 1467 2708 1535 caelesti

442 1577 677 1639 sponso
723 1576 791 1620 se
836 1556 1145 1639 virginem
1192 1561 1437 1620 castam
1482 1560 1757 1620 conatur
1809 1553 2059 1634 offerre,
2114 1575 2192 1618 ac
2243 1555 2708 1619 inmaculatam

443 1663 511 1707 se
553 1642 720 1726 plus,
764 1661 960 1724 quam
1006 1640 1327 1724 fragilitas
1371 1641 1656 1705 humana
1698 1641 2009 1724 permisit,
2057 1638 2384 1705 custodire
2439 1639 2708 1708 studuit.

444 1729 519 1791 In
562 1732 744 1792 tanto
790 1745 1067 1809 namque
1112 1727 1330 1809 spacio
1373 1745 1727 1806 numquam
1778 1725 1921 1791 foco
1971 1726 2202 1791 durum
2255 1724 2460 1809 frigus
2510 1725 2709 1790 resol-

442 1812 629 1877 vebat
674 1811 912 1894 aliquo,
960 1810 1074 1875 sed
1118 1810 1241 1875 hoc
1284 1811 1638 1876 maximum
1683 1810 1890 1875 eidem
1935 1818 2077 1876 erat
2111 1817 2708 1894 temperamentum,

443 1896 615 1979 quod
659 1894 877 1981 lapide
919 1895 1255 1979 paululum
1299 1895 1507 1961 calido
1550 1895 1747 1981 pedes
1790 1896 1889 1961 vel
1934 1917 2164 1962 manus
2207 1917 2369 1981 pene
2406 1902 2560 1960 tunc
2597 1895 2708 1961 de-

444 1982 734 2047 ficientes
767 1981 1155 2049 refocilaret.
1230 1981 1420 2054 Haec
1455 1981 1740 2046 assiduis
1773 1981 2186 2047 oracionibus
2221 1988 2286 2046 et
2317 1981 2709 2046 intermixtis

443 2066 702 2132 fletibus
738 2066 963 2132 cellam
1003 2067 1237 2131 suimet
1271 2067 1543 2132 interius
1577 2067 1849 2145 ornavit,
1897 2068 2181 2132 exterius
2214 2072 2436 2132 autem
2469 2065 2709 2150 populo

446 2151 795 2218 confluenti
822 2151 1051 2216 crebra
1076 2152 1481 2216 institutione
1509 2158 1578 2216 et
1594 2152 1961 2217 necessaria
1978 2172 2099 2218 con
2107 2151 2416 2217 solatione
2433 2151 2710 2216 multum

446 2238 821 2322 profuit***.
932 2237 1251 2320 Quicquid
1296 2237 1411 2303 illa
1455 2237 1535 2302 de
1581 2237 1906 2302 oblatione
1950 2239 2170 2322 populi
2213 2237 2524 2304 continua
2567 2258 2710 2303 sus-

447 2325 634 2408 cepit,
666 2323 794 2388 sibi
822 2321 1209 2388 subtrahens
1237 2322 1608 2407 Christique
1636 2322 2029 2406 pauperibus
2055 2324 2321 2407 largiter
2345 2323 2710 2405 inperciens

444 2415 715 2492 peccata
772 2407 1213 2472 offerentium
1265 2407 1561 2476 redemit.
1665 2409 1783 2473 Pia
1836 2407 1964 2473 fuit
2020 2406 2225 2495 [haec]
2279 2409 2475 2472 matri
2527 2427 2710 2472 meae

448 2501 513 2560 et
556 2495 931 2561 memoriam
978 2494 1079 2560 sui
1124 2493 1397 2560 firmiter
1439 2495 1734 2579 promisit
1787 2493 1953 2578 proli
2007 2493 2540 2577 subsequuturae.
2627 2492 2709 2558 In

447 2601 655 2663 agone
706 2580 901 2645 huius
966 2580 1313 2645 titubantis
1377 2580 1579 2646 seculi
1631 2580 1792 2645 haec
1849 2580 2244 2644 contendens
2306 2580 2390 2645 ab
2445 2579 2710 2644 inlicitis

449 2667 747 2731 omnibus
782 2665 1119 2744 abstinuit,
1155 2685 1285 2731 non
1322 2686 1441 2750 pro
1477 2664 1851 2749 recipienda
1887 2664 2294 2747 corruptibili
2329 2664 2553 2747 gloria,
2591 2662 2706 2729 sed

447 2772 565 2835 pro
608 2749 911 2834 florigera
954 2750 1251 2817 caelestis
1295 2751 1506 2816 bravii
1551 2770 1812 2829 corona,
1857 2769 2048 2833 quam
2084 2749 2260 2814 XIII.
2290 2750 2433 2816 Kal.
2478 2750 2710 2814 Marcii

447 2838 801 2921 promeruit
842 2836 1148 2902 divinitus
1192 2835 1370 2901 indui
1384 2835 1433 2901 3.

616 2928 675 2991 9.
742 2923 815 2987 In
850 2928 1043 2987 nocte
1076 2922 1209 3002 illa,
1248 2943 1378 3005 qua
1413 2921 1671 2986 Christo
1707 2920 2002 2987 amabilis
2040 2922 2291 3004 lampas
2327 2921 2711 2987 stelliferum

446 3008 661 3074 locata
706 3014 807 3074 est
850 3009 917 3072 in
961 3028 1167 3087 axem,
1210 3006 1483 3072 dormivi
1526 3012 1826 3090 peccator
1870 3006 1936 3071 in
1972 3006 2347 3073 dormitorio
2383 3006 2451 3070 in
2490 3006 2711 3089 Maga-

450 3093 701 3177 daburg
748 3095 832 3172 et',
880 3094 1069 3157 testis
1112 3092 1272 3157 mihi
1317 3092 1401 3157 sit
1444 3092 1647 3172 Deus,
1692 3092 1852 3175 quia
1895 3113 2025 3157 non
2067 3093 2371 3172 mentior,
2418 3091 2553 3157 vidi
2593 3112 2712 3176 per

2807 772 2939 800 man.
2961 761 3003 800 G.

2741 2431 2764 2453 *
2789 2435 2891 2484 soz.
2915 2434 3013 2474 180‘.
3061 2389 3063 2481 Ᾰ

449 3180 766 3244 somnium
811 3184 964 3242 ante
1000 3178 1408 3258 matutinam,
1454 3178 1627 3261 quod
1657 3177 1791 3242 duo
1830 3178 2019 3261 pueri
2054 3176 2133 3241 de
2169 3178 2490 3260 antiqu00‚
2537 3175 2744 3260 quod·

562 3336 617 3400 ²⁸)
654 3335 857 3390 Erasis
902 3336 964 3389 in
1012 3350 1185 3403 marq.
1229 3335 1331 3389 sin.
1376 3335 1554 3389 tribus
1597 3333 1842 3389 versibus
1886 3332 1952 3387 N
1989 3333 2050 3385 in
2093 3346 2266 3399 mara.
2311 3329 2416 3398 inf.
2463 3330 2710 3385 addidit.-

657 3402 989 3457 Wolcmarus
1025 3402 1191 3456 abbas
1227 3399 1508 3457 Fuldensis
1544 3404 1602 3456 et
1635 3400 1998 3455 Larsemensis
2034 3398 2186 3454 obiit.

526 3488 618 3552 **)
655 3490 728 3544 In
762 3489 1041 3556 superiore
1074 3489 1319 3555 maryine
1351 3490 1573 3555 scripsit
1604 3490 1668 3542 N
1674 3508 1692 3541 .-
1763 3487 1830 3540 In
1866 3486 2052 3541 diebus
2087 3486 2200 3540 illis
2236 3486 2316 3540 sol
2352 3488 2479 3540 ante
2513 3484 2712 3539 suimet

658 3572 898 3611 occasum
947 3556 1217 3610 nonnullis
1261 3554 1513 3609 dimidius
1563 3555 1865 3623 prodigiose
1916 3555 2183 3622 apparuit.
2251 3556 2325 3608 In
2371 3554 2712 3623 marginibus

654 3627 742 3681 hic
776 3627 988 3681 videtur
1020 3625 1165 3678 nihil
1194 3640 1382 3678 rasum
1416 3640 1545 3678 esse.

484 3712 614 3779 ***)
652 3712 856 3766 Erasis
891 3712 951 3765 in
988 3712 1175 3765 deoetro
1212 3726 1384 3778 mary.
1422 3716 1622 3781 septem
1656 3709 1903 3764 versibus
1939 3710 2005 3762 N
2033 3708 2094 3761 in
2129 3706 2233 3775 inf.
2271 3707 2428 3762 adds
2492 3706 2711 3760 Vermes

657 3796 713 3834 se
762 3780 967 3849 iugiter
1014 3776 1350 3833 comedentes
1397 3793 1503 3833 non
1557 3776 1779 3838 abiecit,
1834 3775 1928 3830 sed
1977 3773 2226 3829 cadentes
2282 3774 2543 3842 reposuit,
2596 3772 2711 3827 vice

655 3848 901 3904 monachi
936 3846 1213 3917 Symeonis
1250 3846 1308 3899 in
1343 3846 1589 3899 columna
1623 3844 1716 3899 diu
1751 3844 1966 3925 stantis.

448 3968 493 4057 3)
518 3964 639 4057 allegi
665 3970 705 4007 1.
761 4021 779 4074 )
831 3966 895 4057 δὲ.
905 3968 952 4005 in
979 3968 1065 4055 lloco
1090 3977 1189 4007 rm
1217 3965 1280 4012 22·
1306 3968 1411 4003 tunc
1437 3963 1652 4003 intermisi
1681 3965 1749 4003 set
1775 3963 1821 4002 Ο.
1945 3961 1988 4013 c)
2022 3972 2187 4001 eranum
2213 3965 2253 4002 1.
2368 3961 2413 4010 d)
2438 3958 2714 4009 septuag-luta

482 4029 561 4059 uos
621 4049 632 4059 .
736 4027 761 4056 e
806 4027 862 4056 an
898 4027 952 4066 qo
1007 4045 1018 4055 .

454 4122 505 4186 1)
545 4121 679 4175 Alia
711 4120 962 4174 videlicet
1002 4125 1162 4187 atque
1199 4116 1451 4173 Emerita
1494 4118 1594 4170 illa
1637 4117 1949 4182 cognomine
1997 4115 2154 4181 Sim,
2197 4131 2363 4182 quam
2393 4129 2570 4181 paene
2596 4129 2711 4167 una

451 4190 591 4243 hora
648 4204 769 4243 cum
825 4188 955 4241 aliis
1008 4185 1520 4241 sanctimonialibus
1565 4184 1744 4239 tribus
1791 4202 1844 4239 a.
1890 4184 2028 4239 1020
2073 4190 2342 4237 mortuam
2394 4197 2510 4237 esse
2566 4184 2713 4235 Ann.

456 4257 642 4321 Quedl.
678 4256 919 4311 tradunt.
1077 4254 1131 4319 2)
1183 4252 1472 4317 Drilbeek3
1518 4250 1590 4318 cf.
1627 4252 1971 4318 schadeberq
1998 4256 2048 4305 et
2090 4251 2311 4317 Iacobs,
2346 4248 2624 4305 ‘Zeitschn
2661 4248 2715 4302 d.

453 4324 745 4378 Har-ever!
774 4324 852 4389 X,
879 4322 1187 4377 388—393.
1329 4321 1384 4385 3)
1422 4321 1685 4375 Fortasse
1727 4334 1797 4374 ea:
1833 4320 1998 4374 Necr.
2036 4319 2236 4381 Mers.‚·
2284 4324 2514 4373 ceterum
2559 4318 2718 4384 lonye

455 4400 581 4448 ante
616 4410 667 4446 a.
706 4393 842 4446 1018
876 4392 977 4445 hoc
1012 4390 1280 4445 accidisse
1316 4395 1736 4443 consentaneum
1773 4392 1867 4441 est.
