3100 5050
414 328 519 382 216
903 323 1309 380 THIETMARJ
1341 323 1605 382 CHRON.
1674 323 1812 379 LIB.
1847 321 1982 379 VIII
2019 319 2184 389 (VII).

414 483 743 562 expertem
802 477 894 544 ibi
947 486 1099 544 sunt
1151 477 1431 558 Scithe⁸,
1493 479 1604 562 qui
1664 479 1874 543 domos
1937 497 2084 542 suas
2143 496 2340 542 seeum
2391 477 2660 541 vehentes

412 563 569 630 feris
615 570 681 630 et
720 587 751 628 e
850 565 943 629 ’πο
986 565 1139 629 lacte
1180 570 1533 648 pascuntur
1550 563 1592 632 ¹.

580 650 682 717 38.
754 587 861 714 ff
887 650 1015 715 hiis
1078 648 1373 732 partibus
1434 658 1533 715 est
1583 669 1748 714 unus
1799 665 1914 712 rex
1977 647 2294 731 ·Gutring¹²
2345 648 2598 712 nomine
2611 646 2658 727 2,

410 736 522 819 qui
564 735 633 800 in
667 736 1059 801 monasterio
1091 735 1400 800 Ferdensi
1432 735 1554 800 sub
1589 735 1888 818 episcopo
1920 733 2206 798 eiusdem
2241 732 2368 800 loci
2403 733 2660 817 Erpone

407 822 475 884 in
502 820 809 886 clericatu
834 821 1146 887 educatus
1172 821 1259 886 ad
1285 820 1670 886 diaconatus
1701 820 1970 904 gradum
1997 819 2286 903 pervenit
2300 817 2604 902 indignus
2614 829 2656 886 ⁰.

210 916 373 984 (993).
410 905 539 972 Sed
592 913 932 991 postquam
985 906 1313 990 predictus
1365 906 1636 974 antistes
1680 905 1892 985 *obiit‚
1945 906 2068 970 iste
2121 905 2380 989 elapsus
2431 923 2658 969 nomen
2686 925 2708 947 *
2727 925 2815 974 soz.
2839 925 2941 966 ιω.

410 997 477 1056 et
520 991 828 1071 ordinem,
883 991 1049 1059 alter
1086 992 1434 1073 Iulianus‘l,
1494 991 1736 1058 abiecit
1776 998 1841 1057 et
1875 989 2252 1056 vccabulum
2295 989 2660 1056 christiani-

408 1078 561 1143 tatis
603 1077 811 1144 solum
853 1078 1179 1162 professus
1236 1079 1304 1142 in
1360 1078 1582 1144 multis
1634 1078 1955 1143 invenitur
1997 1077 2181 1159 longe
2231 1076 2499 1144 alienus.
2595 1076 2658 1140 Is

410 1184 453 1230 a
492 1165 627 1229 suis
670 1163 878 1248 primo
922 1170 997 1229 ut
1046 1170 1148 1228 est
1198 1165 1485 1248 agnitus,
1539 1164 1690 1230 ilico
1745 1162 2100 1245 succipitur
2151 1169 2218 1228 et
2267 1161 2660 1234 hereditario
2697 1177 2710 1188 ·

408 1249 650 1315 honore
692 1247 1094 1319 sublimatur.
1180 1249 1366 1329 Quod
1410 1249 1547 1316 Deo
1583 1249 1893 1333 displicet,
1939 1268 2125 1313 nemo
2159 1246 2399 1326 laudet,
2444 1247 2659 1312 nullus

408 1335 722 1414 imitetur3
792 1355 1055 1419 presens
1115 1334 1367 1400 fructus
1428 1334 1509 1401 ob
1570 1341 1881 1400 terrorem
1941 1333 2230 1398 futurum
2299 1338 2656 1418 spernatur.

408 1420 497 1486 Et
554 1420 664 1486 ille
716 1439 855 1500 reat,
920 1441 1140 1487 servus
1190 1421 1464 1506 peccati,
1528 1420 1736 1486 filius⁰
1787 1420 2042 1502 mortis,
2105 1439 2262 1498 non,
2325 1429 2398 1483 ut
2449 1425 2657 1502 putat,

410 1506 798 1587 dominatur,
830 1505 946 1571 sed
972 1505 1295 1573 cotidiano
1323 1506 1606 1590 pondere
1633 1511 2042 1590 aggravatum
2081 1504 2160 1570 de
2189 1523 2318 1588 quo
2345 1504 2660 1570 Dominus

193 1612 380 1662 1=.1,2.
406 1613 525 1676 per
583 1591 877 1656 Esaiamf
932 1593 1197 1658 clamat:
1276 1593 1481 1657 Filios
1538 1593 1836 1671 enutrivi,
1895 1591 2208 1670 emaltavi,
2268 1591 2398 1676 ipsi
2455 1601 2658 1654 autem

402 1688 761 1763 spretas-unt
804 1700 916 1742 me.
1025 1677 1149 1742 Pro
1203 1679 1386 1744 cuius
1440 1679 2005 1760 consociorumque
2059 1676 2197 1740 eius
2249 1675 2660 1741 conversione

406 1769 471 1828 et
527 1763 725 1846 digna
779 1761 1230 1829 emendacione
1288 1785 1365 1830 ac
1420 1764 1900 1846 perseverantia
1957 1763 2164 1826 omnis
2216 1761 2658 1826 christianitas

336 1914 341 1918 .
406 1853 546 1914 oret
611 1854 703 1928 et,
767 1869 847 1913 ne
907 1849 1039 1914 tale
1099 1849 1256 1934 quid
1318 1850 1387 1914 in
1447 1849 1750 1915 membris
1810 1849 1944 1913 suis
2005 1847 2282 1930 amplius
2341 1849 2654 1931 paciatur,

407 1934 615 1999 Deum
658 1934 969 2018 imploret.
1059 1936 1361 2015 Quamvis
1406 1934 1487 2000 de
1528 1936 1641 2000 1110
1691 1934 1813 2000 hoc
1867 1933 2071 1998 solum
2126 1932 2428 2009 dicerem,
2489 1941 2656 2012 sunt,

402 2039 520 2104 pro
564 2019 774 2084 dolor!
836 2019 980 2100 alii,
1033 2021 1144 2104 qui
1188 2021 1460 2085 similem
1506 2021 1758 2086 subiere
1803 2019 2214 2098 sententiam,
2267 2018 2430 2083 illud
2476 2017 2658 2084 Pauli

99 2123 377 2174 2-P0tr12221.
404 2126 537 2171 non
589 2105 1020 2184 attendentes,
1081 2107 1232 2191 quia
1283 2107 1539 2172 meliust*
1593 2117 1680 2172 est
1729 2109 1899 2170 viam
1949 2105 2231 2170 veritatis
2281 2127 2404 2169 non
2445 2125 2658 2191 009πο-

406 2213 591 2272 scere,
638 2214 825 2276 quam
946 2201 1003 2256 st
1042 2193 1341 2256 noticiam
1380 2192 1716 2260 declinare.

575 2277 679 2344 39.
734 2276 865 2361 (28.
976 2276 1101 2342 Sed
1151 2278 1307 2360 quia
1347 2277 1564 2343 nullus
1607 2276 1692 2342 ad
1736 2275 2360 2359 comprehendendas
2411 2275 2656 2360 aquilo-

406 2363 584 2428 naris
626 2363 905 2446 regionis
948 2364 1311 2442 varietates,
1371 2385 1533 2448 quas
1577 2370 1814 2428 natura
1855 2383 1970 2448 pre
2013 2362 2286 2426 caeteris
2329 2361 2658 2428 mirabiles

404 2447 643 2514 ibidem
685 2457 1009 2534 operatur,
1056 2455 1121 2514 et
1154 2448 1443 2516 crudeles
1477 2449 1699 2536 populi
1733 2449 1923 2514 istius
1959 2448 2364 2513 executiones
2399 2447 2664 2529 sufficit,

406 2534 675 2600 omitto1¹
726 2542 794 2601 et
846 2535 925 2601 de
970 2535 1405 2619 geniminis¹·3
1463 2538 1855 2619 viperarum,
1926 2535 1994 2600 id
2056 2540 2156 2599 est
2214 2533 2364 2599 filiis
2419 2533 2658 2599 Suenni

405 2621 859 2703 persecutoris,
905 2642 1113 2704 pauca
1157 2620 1460 2689 edissero.
1546 2621 1682 2687 Hos
1725 2621 1977 2705 peperit
2018 2620 2085 2685 ‘ei
2129 2620 2470 2685 Miseconis
2521 2618 2678 2687 filia.

406 2704 651 2785 ducisst,
696 2728 877 2773 soror
919 2706 1225 2773 Bolizlavi
1268 2709 1656 2774 successoris
1700 2708 1842 2772 eius
1883 2712 1950 2772 et
1992 2705 2190 2785 *nati3
2237 2726 2404 2790 quae
2447 2726 2488 2771 a
2520 2706 2656 2772 viro
2683 2722 2706 2747 *
2725 2736 2778 2775 p.
2797 2726 2898 2768 see.

406 2792 682 2857 suimet⁵
735 2790 893 2880 [diu]
945 2792 1214 2876 depulsa
1272 2814 1399 2859 non
1450 2794 1782 2859 minimam
1832 2813 1976 2858 cum
2029 2792 2301 2857 caeteris
2355 2812 2660 2875 perpessa

406 2884 506 2947 est
548 2879 1068 2947 controversiam.
1156 2878 1369 2944 Huius
1412 2878 1622 2962 proles
1665 2877 1939 2943 multum
1983 2878 2052 2941 in
2095 2877 2392 2961 omnibus
2423 2879 2658 2962 patris-

408 2969 623 3029 santes
685 2963 903 3029 dilecti
954 2964 1263 3047 genitoris
1317 2985 1551 3048 corpus
1613 2964 1896 3029 delatum
1946 2961 2246 3030 flebiliter
2302 2964 2662 3047 suscipiunt

178 3060 371 3128 (1014).
408 3055 474 3115 et
524 3050 845 3117 tumulant
905 3057 987 3125 et,
1044 3050 1352 3134 quicquid
1405 3049 1738 3115 dedecoris
1792 3048 2000 3131 *patri
2045 3050 2280 3114 suimet
2328 3049 2534 3132 ingeri
2575 3048 2662 3115 ab
2687 3064 2711 3090 *
2727 3067 2814 3116 soz.
2835 3069 2948 3114 159⁴.

407 3136 631 3218 Anglis
691 3136 1084 3219 propositum
1146 3141 1273 3213 est,
1344 3137 1592 3219 paratis
1661 3135 1932 3201 navibus
2001 3135 2250 3201 ulcisci·
2297 3134 2662 3204 studebant.

408 3221 651 3287 Eorum
693 3220 1002 3301 facinora,
1046 3242 1211 3307 quae
1255 3220 1382 3287 hiis
1424 3222 1700 3287 intulere
1742 3220 2042 3304 plurima,
2085 3242 2188 3285 me
2233 3221 2386 3303 quia
2432 3221 2658 3301 latent,

407 3382 451 3429 a)
476 3384 609 3423 scithi
635 3384 689 3423 Β.
794 3372 841 3433 b)
859 3384 1041 3433 ‘gulrlng
1065 3396 1171 3423 corr.
1192 3384 1375 3433 gutring
1393 3387 1417 3423 1
1445 3385 1562 3425 linea
1585 3385 1702 3431 pen-1
1728 3386 1964 3424 transversa
1983 3387 2080 3433 poet
2097 3394 2232 3424 erasa.
2337 3383 2383 3435 e)
2403 3382 2588 3433 adignus
2607 3386 2660 3435 B,

408 3446 515 3475 corr.
538 3436 587 3475 T.
698 3434 745 3484 d)
770 3436 977 3485 ordinem,
1003 3440 1054 3475 nt
1076 3436 1155 3476 ille
1181 3435 1379 3475 demonis
1406 3436 1630 3485 exemplar
1654 3436 1856 3477 Iulianus
1882 3440 2084 3485 apostata
2111 3445 2238 3475 cesar
2261 3436 2303 3475 2.
2419 3435 2463 3486 e)
2490 3434 2578 3475 filis
2607 3437 2660 3483 B,

407 3485 692 3586 'dmffg'g'ni
718 3486 967 3580 αἰὲᾱῗεᾶιξαιιι
993 3499 1100 3528 corr.
1128 3488 1283 3528 isaiam
1309 3490 1349 3528 1.
1454 3488 1500 3539 g)
1528 3489 1682 3561 melior
1699 3488 1752 3528 Β.
1859 3486 1908 3538 h)
1935 3486 2072 3533 13me
2099 3498 2206 3526 corr.
2234 3489 2367 3527 omno
2387 3487 2426 3527 1.
2531 3488 2564 3538 1)
2589 3498 2664 3536 ge·

410 3668 462 3732 1)
493 3666 581 3733 Of.
608 3669 807 3723 Horat.
836 3668 935 3724 Od.
953 3671 1077 3735 III,
1104 3670 1187 3733 24,
1214 3669 1248 3723 9
1275 3674 1328 3723 et
1364 3668 1565 3735 Veryil.
1587 3668 1780 3736 Geor-q.
1799 3670 1922 3733 ΙΙΙ,
1948 3669 2068 3723 463.
2122 3669 2192 3723 L.
2315 3669 2369 3731 2)
2399 3668 2660 3723 Fortasse

406 3751 594 3804 reqwm
650 3736 957 3804 Uplandiae
1002 3754 1172 3801 unus,
1222 3736 1403 3806 qualis
1452 3736 1799 3804 Gudriodus,
1847 3753 1942 3791 rem
1991 3737 2519 3803 Gulbrandsdaliae,
2565 3739 2664 3806 qui

410 3805 559 3859 eirea
594 3822 800 3859 annum
838 3808 973 3861 1018
1008 3808 1078 3862 ab
1117 3806 1287 3861 Olavo
1323 3806 1551 3873 Sancte,
1599 3821 1724 3873 reqe
1759 3806 2111 3874 Norweqiae,
2164 3808 2341 3861 victus
2383 3810 2435 3859 et
2467 3806 2660 3874 linqua

409 3874 592 3927 excisa
634 3876 857 3929 ewulm-e
898 3876 1086 3930 iussus
1130 3882 1223 3931 est.
1316 3873 1375 3929 V.
1410 3874 1622 3929 Snorra
1665 3874 1946 3929 Sturleson
1981 3874 2132 3944 Saye
2176 3876 2251 3939 at*
2287 3874 2433 3941 Olafi
2473 3874 2658 3929 hinem

409 3943 592 4010 Helya
620 3958 663 3997 c.
688 3944 772 3998 34.
800 3944 883 3999 73.
911 3944 995 3999 74.
1046 3946 1114 3998 L.
1226 3943 1281 4009 3)
1307 3943 1558 3998 Debebat
1581 3957 1696 3997 esse
1731 3943 2113 4011 geniminibus,
2139 3944 2236 3999 sed
2259 3943 2563 3997 desummm
2590 3959 2662 3997 ex

411 4008 645 4081 Vulgata
671 4013 874 4067 Mami.
898 4012 983 4076 23,
1020 4014 1088 4067 33
1120 4028 1218 4068 nec
1254 4012 1425 4067 aliter>
1444 4013 1601 4079 apud
1625 4012 2023 4081 Hieronymum
2057 4014 2134 4068 ad
2156 4014 2266 4066 Ies.
2293 4011 2378 4067 30.
2464 4010 2657 4068 WAG.

408 4078 463 4144 4)
512 4078 669 4145 Quae
710 4086 873 4135 antea
916 4082 1077 4136 En'ci
1114 4082 1263 4150 reqis
1297 4080 1524 4136 Sweciae
1559 4096 1703 4135 uxor
1738 4080 1926 4148 fuisse
1961 4082 2114 4150 apud
2148 4080 2349 4136 Adam.
2375 4082 2461 4135 II.
2498 4096 2542 4136 c.
2569 4082 2657 4148 33,

408 4148 571 4204 schol.
596 4150 665 4205 25
698 4154 749 4204 et
784 4166 826 4203 c.
856 4152 925 4205 36
960 4150 1215 4205 traditur.
1297 4148 1509 4205 Nomen
1544 4151 1597 4203 ei
1626 4150 1801 4217 fuisse
1837 4150 2030 4218 Sem-,id
2062 4144 2336 4206 Stoa-rada
2371 4150 2655 4217 Lappenb.

410 4219 746 4285 argumentis
786 4218 985 4285 {quotis
1027 4219 1185 4273 nisus
1228 4211 1389 4285 dixit,
1433 4220 1529 4273 sed
1569 4234 1764 4273 nomen
1797 4216 1940 4273 illud
1969 4234 2082 4273 non
2109 4219 2396 4287 polonicae
2428 4218 2659 4286 eriyme's

410 4300 525 4341 esse
558 4293 807 4354 apparet.
958 4288 1012 4353 5)
1050 4288 1179 4343 Non
1216 4288 1388 4343 Erico
1421 4288 1684 4355 videlicet,
1733 4289 1795 4357 id
1826 4288 1974 4359 ῃᾳρᾷ
2006 4286 2289 4359 Lappenb.
2327 4288 2513 4360 coluit,
2563 4286 2660 4341 sed

408 4355 529 4423 ipso
564 4354 794 4411 Svenm.
1074 4370 1378 4407 -—---«2··*
1409 4370 1418 4373 ·
1449 4374 1461 4380 ·
2082 4364 2092 4371 ·
2123 4362 2130 4367 ·
2271 4360 2281 4367 ’
