3100 5050
144 2385 164 2407 *¹
187 2385 270 2433 sol.
292 2383 396 2426 118¹.

1031 376 1437 432 THIETMARI
1473 374 1737 433 CHRON.
1806 378 1946 433 LIB.
1980 378 2075 433 VI.
2578 378 2681 434 161

425 532 631 616 primo
701 531 932 595 rennui
1009 552 1086 595 ac
1153 536 1474 613 postremo
1544 537 1793 596 rectum
1856 537 1921 596 et
1992 530 2299 614 pudorem
2360 530 2680 595 voluntati

426 616 712 683 eiusdem
774 617 1079 700 supposui
1155 617 1474 699 miserque
1548 638 1886 701 aggressus
1959 637 2125 695 sum,
2195 615 2372 700 quod
2432 616 2681 681 utinam

426 724 556 769 non
599 702 922 780 fecissem;
969 708 1050 781 et,
1096 700 1270 785 quod
1312 700 1614 785 gentibus
1656 702 1839 769 nefas
1877 702 2237 781 videbatur,
2290 701 2679 767 christianus

428 810 544 872 ego
580 789 647 853 in
680 787 1034 853 deiectione
1070 787 1350 869 sepulcri
1385 793 1450 851 et
1484 788 1765 852 ossiuma
1800 788 2142 854 confratris
2180 788 2309 852 mei
2343 787 2678 871 operabar.

425 875 511 939 Et
555 874 824 939 calicem
867 879 1260 957 argenteum,
1316 893 1506 956 quem
1550 872 1644 937 ibi
1685 873 2107 953 inveniebam,
2159 872 2551 957 pauperibus
2597 872 2682 938 ad

425 959 838 1025 dividendum
892 958 1207 1024 reservari
1261 958 1717 1042 precipiebam;
1783 980 1975 1043 quem
2030 965 2255 1041 postea
2312 958 2681 1023 nullatenus

425 1044 920 1128 comperiebam.
1009 1044 1253 1127 Agnovi
1293 1041 1463 1132 [post
1528 1044 1598 1109 in
1643 1044 2015 1109 infirmitate
2058 1044 2371 1128 sequenti,
2417 1045 2570 1127 quia
2614 1044 2680 1107 in

423 1132 635 1196 Deum
705 1131 896 1196 nimis
965 1129 1245 1213 peccavi.
1370 1128 1450 1194 Se
1567 1151 1714 1195 cum
1783 1130 1951 1195 hanc
2019 1128 2237 1195 divino
2306 1150 2681 1214 superarem

424 1217 696 1296 auxilio,
768 1238 967 1281 causa
1026 1215 1338 1280 orationis
1400 1215 1732 1281 Coloniam
1800 1216 1985 1301 pecii.
2100 1214 2397 1295 Quadam
2464 1220 2681 1279 autem

424 1308 613 1367 nocte
641 1301 910 1367 audiens
937 1301 1278 1367 clamorem
1305 1301 1687 1380 inmensum,
1718 1302 1873 1385 quid
1899 1300 2020 1367 1100
2048 1305 2237 1380 00001,
2264 1306 2680 1382 percontatus

425 1408 596 1467 sum,
657 1393 749 1453 et:
810 1388 932 1453 ‘hic
985 1408 1104 1471 ego
1155 1386 1346 1465 sum,’
1405 1386 1660 1470 inquid,
1720 1387 2121 1470 ‘Willigisus,
2175 1387 2289 1470 qui
2341 1386 2532 1468 culpa
2585 1386 2681 1450 tui

426 1494 650 1539 errans
701 1473 941 1557 vagor.’
1045 1471 1551 1556 Expergefactus
1614 1493 1761 1537 mox
1820 1473 2106 1556 obstipui
2168 1479 2233 1537 et
2293 1493 2495 1557 usque
2555 1472 2682 1537 huc

426 1566 508 1639 et,
552 1559 863 1644 quamdiu
905 1560 1064 1637 viv0,
1112 1557 1455 1641 culpabilis
1500 1557 1622 1623 hoc
1664 1559 2034 1641 ingemisco.

592 1678 695 1746 46.
761 1677 922 1765 (31.)
1009 1677 1109 1742 Ad
1171 1676 1654 1761 percipiendum
1716 1676 2183 1760 presbiteratus
2246 1676 2532 1742 ordinem
2595 1674 2681 1741 ad

424 1763 661 1829 Alstidi
707 1766 1036 1830 civitatem
1092 1785 1133 1827 a
1177 1762 1436 1827 domino
1489 1762 1814 1846 Taginone
1857 1762 2135 1827 vocabar
2192 1769 2257 1827 et
2300 1762 2366 1827 in
2409 1763 2515 1827 via
2557 1760 2679 1827 hac

421 1852 667 1934 peracti
703 1849 1015 1915 facinoris
1051 1848 1514 1913 confessionem
1549 1848 1704 1927 feci3
1742 1855 1808 1913 et
1841 1846 2013 1932 quod
2050 1847 2135 1913 ad
2169 1847 2682 1914 emendationem

422 1937 561 2001 eius
630 1936 925 2019 promisi,
997 1954 1114 2018 pro
1185 1933 1400 1999 debito
1461 1954 1589 1997 non
1658 1935 1982 2017 complevi.
2096 1934 2469 1999 Presbiterii
2534 1953 2683 1999 vero

423 2021 801 2104 dignitatem
829 2019 972 2086 XII.
993 2019 1137 2084 Kal.
1158 2019 1445 2084 Ianuarii
1463 2020 1487 2063 ¹
1513 2042 1556 2083 a
1581 2019 1834 2103 prefato
1855 2020 2353 2104 archiepiscopO,
2382 2025 2681 2103 presente
2720 2028 2898 2093 (1004)

425 2106 729 2171 Heinrico
771 2126 923 2188 rege
967 2112 1034 2169 et
1077 2105 1362 2170 casulam
1414 2105 1572 2170 mihi
1625 2106 1933 2190 optimam
1982 2105 2323 2189 largiente,
2384 2104 2682 2189 indignus
2709 2098 2909 2138 ¹³⁰⁰·22·

423 2191 702 2275 percepi.
766 2194 1129 2274 Antequam
1157 2212 1305 2256 vero
1342 2192 1676 2275 episcopus
1712 2191 2065 2271 ordinarer,
2103 2193 2167 2256 in
2197 2212 2275 2256 ea
2303 2188 2679 2270 ebdomada,
2718 2201 2855 2257 1008

422 2298 554 2360 qua
620 2275 993 2341 recordacio
1063 2276 1340 2341 fratrum
1412 2299 1451 2340 a
1522 2278 1771 2342 cunctis
1848 2275 2149 2341 fidelibus
2229 2276 2681 2342 universaliter
2707 2268 2805 2311 ⁰⁰²·
2826 2271 2895 2309 ¹¹·

421 2362 804 2447 celebratur,
848 2362 1009 2427 talia
1044 2382 1160 2444 per
1195 2383 1485 2426 somnum
1531 2362 1794 2446 quidam
1829 2362 1988 2426 mihi
2022 2361 2339 2427 nun*ciat:
2388 2361 2482 2425 ‘In
2518 2361 2680 2440 hoc,’

422 2450 746 2533 inquiens,
804 2453 992 2512 ‘anno
1044 2448 1262 2534 presul
1307 2448 1655 2513 Hillericus
1710 2456 1776 2513 et
1818 2448 2088 2512 Meinric
2141 2447 2421 2512 decanus
2476 2468 2553 2512 ao
2607 2452 2680 2513 tu

420 2535 796 2600 mandatum
839 2535 963 2600 Dei
1011 2535 1257 2618 inplere
1309 2533 1601 2602 debetis.’
1700 2534 1821 2599 Cui
1873 2536 1966 2599 sic
2018 2533 2506 2618 respondebam:
2572 2533 2679 2599 ‘Ut

422 2622 510 2686 sit
540 2622 838 2686 voluntas
875 2623 942 2685 in
979 2621 1178 2701 cae10,
1217 2621 1310 2684 sic
1344 2619 1501 2684 fiat.’
1590 2621 1677 2685 Et
1712 2621 1777 2684 in
1814 2623 1954 2703 ipso
1990 2639 2206 2685 mense
2243 2626 2309 2685 et
2343 2623 2409 2685 in
2445 2619 2681 2684 tertiab

420 2707 566 2773 Kal.
597 2706 979 2771 Novembris
993 2704 1040 2782 ²,
1088 2727 1253 2790 quae
1295 2713 1452 2771 tunc
1495 2707 1789 2790 proxima
1830 2706 1975 2783 fuit,
2021 2706 2290 2771 antistes
2329 2704 2680 2788 predictus,
2708 2721 2897 2764 oense.

422 2799 497 2858 ut
541 2791 668 2858 sibi
711 2793 890 2874 prius
932 2792 1286 2857 revelatum
1331 2798 1446 2870 est,
1493 2795 1561 2855 in
1597 2790 1853 2856 Christo
1895 2789 2276 2859 exhalavit3.
2366 2790 2493 2856 Sed
2528 2791 2682 2873 quia

431 2880 598 2942 Deus
625 2879 1026 2961 omnipotens
1054 2877 1402 2943 humanam
1433 2876 1850 2961 fragilitatem
1879 2898 2027 2961 sepe
2056 2875 2393 2958 dignatur⁰
2422 2877 2683 2941 visitare

425 2963 530 3028 et‘¹
574 2963 908 3042 consolari,
956 2982 1308 3046 congruum
1352 2971 1452 3028 est
1494 2962 1799 3028 laudibus
1847 2969 1913 3027 et
1956 2963 2211 3047 scriptis
2246 2962 2367 3028 hoc
2410 2961 2682 3045 posteris

424 3049 886 3127 innotesceree,
967 3055 1040 3114 ut
1095 3048 1517 3132 glorificeturf
1580 3069 1811 3114 nomen
1881 3049 2142 3112 Domini
2212 3054 2277 3114 et
2329 3048 2685 3133 prospiciat

426 3134 616 3198 homo
673 3134 997 3200 instabilis
1050 3135 1193 3199 sibi.
1293 3134 1561 3199 Praesul
1612 3140 2204 3219 supramemoratus
2261 3134 2330 3198 in
2374 3132 2681 3217 Magada·

425 3219 588 3304 burg
633 3220 1061 3285 invalescente
1098 3217 1325 3308 [prius]
1369 3220 1571 3284 nimia
1607 3220 1897 3303 corporis
1933 3218 2289 3304 egritudine
2328 3239 2367 3284 a
2402 3218 2682 3303 quodam

427 3306 640 3388 egreio
674 3307 810 3370 viro
855 3307 923 3370 in
967 3305 1210 3370 somnis
1256 3307 1382 3370 sibi
1425 3313 1777 3389 apparente
1823 3307 1915 3371 sic
1959 3306 2349 3371 ammonitus
2394 3311 2519 3370 est:
2568 3304 2682 3369 ‘Ne

426 3392 516 3456 sis
584 3391 772 3456 modo
843 3391 922 3456 de
991 3391 1115 3455 fine
1185 3401 1299 3456 tuo
1373 3391 1711 3456 sollicitus:
1784 3398 2065 3475 quatuor
2126 3411 2328 3456 annos
2392 3397 2457 3455 et
2518 3389 2682 3455 duas

427 3476 820 3543 ebdomadas
864 3477 963 3542 vel
1006 3485 1138 3542 tres
1185 3476 1589 3559 exspectabis
1643 3482 1707 3542 et
1748 3475 1946 3557 bona,
1991 3496 2433 3561 quaecumque
2477 3476 2682 3560 possis

427 3564 700 3649 ‘operari
743 3584 871 3627 non
917 3562 1271 3630 desistas’ss.
1363 3563 1538 3628 Haec
1583 3563 1834 3628 locutus
1878 3564 2173 3628 evanuit¹¹
2218 3567 2301 3641 et,
2347 3563 2515 3626 sicut
2557 3562 2681 3626 iste

427 3649 734 3732 predixit,
807 3650 1142 3732 episcopus
1213 3657 1448 3727 mente,
1519 3655 1593 3713 ut
1664 3667 1878 3732 spero,
1949 3648 2240 3732 vigilanti
2309 3647 2680 3730 supervixit,

427 3844 472 3888 a)
498 3849 678 3879 ossuum
704 3840 759 3878 B.
838 3837 886 3886 b)
911 3838 1048 3877 tercia
1072 3837 1265 3876 radendo
1290 3841 1399 3888 alqs.
1426 3849 1533 3878 corr.
1564 3840 1604 3878 1.
1686 3837 1727 3886 c)
1755 3837 1994 3886 (1180110101-
2018 3840 2056 3880 1.
2134 3837 2179 3888 d)
2204 3837 2406 3876 visitaret
2422 3837 2476 3885 B,
2502 3846 2609 3875 corr.
2631 3836 2681 3875 Τ.

428 3891 472 3940 0)
513 3901 741 3933 enarraret
777 3890 876 3929 1000
911 3895 957 3928 01
991 3889 1129 3928 honor
1164 3889 1269 3929 Chri
1277 3894 1357 3940 sto,
1392 3900 1477 3938 qno
1513 3888 1821 3936 magnificetur
1855 3891 1903 3929 in
1935 3890 2021 3928 isto
2058 3890 2097 3929 2.
2242 3887 2281 3938 f)
2319 3887 2602 3936 εἱσι-11000101·
2627 3887 2681 3926 Β.

429 3943 475 3993 g)
509 3942 803 3992 exspectabis.
857 3941 928 3980 Tu
958 3951 1062 3980 vero
1087 3945 1262 3990 tempus
1289 3951 1316 3980 a
1343 3941 1442 3980 Deo
1467 3941 1546 3980 tibi
1577 3950 1836 3980 eoncessum
1872 3950 1961 3979 11011
1993 3940 2207 3989 negligas,
2233 3939 2323 3988 sod,
2349 3937 2557 3988 quioquid
2580 3939 2684 3978 boni

428 3996 586 4044 possis,
613 3995 827 4034 instanter
852 4002 1051 4042 operare.
1077 3997 1125 4031 ut
1161 3997 1357 4032 eternam
1383 3992 1520 4032 vitam
1546 3994 1840 4042 promerearis
1866 3993 1907 4042 2,
1946 3991 1997 4032 Δ.
2020 3993 2065 4032 S.
2092 4003 2134 4030 a.
2154 3992 2280 4032 1008.
2402 3990 2453 4039 h)
2492 3989 2617 4029 Dixit
2640 3995 2685 4030 et

428 4047 476 4084 10
499 4056 662 4086 vacuas
691 4055 738 4086 00
767 4055 866 4086 mox
894 4043 1192 4084 transfuderat
1216 4054 1344 4083 auras
1371 4045 1412 4086 2.

431 4200 483 4265 1)
531 4202 696 4255 Anno
733 4202 869 4257 1004
910 4203 1010 4256 hoc
1038 4201 1261 4266 factum
1305 4214 1422 4253 esse
1464 4199 1868 4254 demonstratur
1901 4195 1973 4252 ‘J
1968 4197 2143 4252 ahrb!
2178 4199 2229 4260 I,
2271 4198 2392 4262 327,
2425 4195 2684 4263 quoniam

429 4269 524 4322 illo
568 4269 780 4324 demum
823 4287 968 4324 armo
1016 4269 1226 4338 Tayino
1271 4268 1709 4334 archiepiscopus
1752 4267 1938 4332 factus
1980 4272 2075 4322 est.
2229 4266 2283 4330 2)
2332 4267 2425 4320 Em
2468 4264 2685 4320 Necrol.

429 4338 604 4392 Mers.
724 4341 778 4405 3)
815 4340 1112 4393 Hillericus
1138 4339 1421 4406 episeopus
1451 4336 1908 4404 Havelberyensis
1934 4335 2069 4390 obiit
2094 4351 2238 4390 anno
2267 4336 2426 4396 1008;
2463 4349 2511 4387 v.
2536 4335 2688 4388 Arm.

437 4405 620 4469 Quedl.
671 4409 738 4461 L.
811 4403 917 4461 Oui
948 4407 1209 4462 successit
1241 4407 1445 4460 Εήαιε
1479 4406 1593 4459 iam
1628 4420 1803 4474 supra
1837 4410 2296 4460 commemoratus.

2276 4507 2340 4560 11
