3100 5050
447 403 516 458 36
1048 399 1471 485 ‚THIETMARI
1505 400 1769 458 CHRON.
1838 401 1976 458 LIB.
2010 401 2088 458 ΙΙ.

255 567 414 632 (942).
447 556 678 639 patris,
733 555 1106 622 Michaelem
1187 553 1357 643 huic]
1413 555 1749 622 succedere
1803 554 1959 620 fecit
1975 555 2016 624 ¹.
2118 554 2278 633 *Qui
2330 577 2475 621 cum
2529 577 2699 621 com·
2730 577 2753 600 *
2772 576 2855 626 soz.
2877 575 2953 616 εν.

450 642 686 706 missa⁸
720 642 844 706 sibi
881 643 1117 726 optime
1197 643 1303 706 iub
1336 649 1605 726 regeret,
1644 640 2189 707 commoventibus
2223 642 2457 708 iterum
2496 643 2703 708 orien-

449 727 610 792 tales
665 727 928 811 Ungris,
990 749 1136 794 cum
1189 730 1463 794 caeteris
1515 729 1953 793 Bawariorum
2010 727 2407 812 principibus
2458 727 2560 794 his
2617 727 2703 794 ad

255 825 415 891 (949).
451 813 951 879 succurrendum
994 814 1182 881 venit.
1275 813 1402 878 Sed
1445 820 1695 879 exorto⁰
1729 834 1877 878 mox
1913 815 2082 878 inter
2117 834 2229 879 eos
2265 813 2538 894 duello⁰‚
2585 835 2701 896 pro

447 899 654 964 dolor!
702 901 904 966 nostri
936 900 1127 966 victi‘1
1175 898 1258 965 ab
1293 899 1628 965 hostibus⁰
1676 904 1870 982 atque
1906 899 2216 982 prostrati
2258 906 2409 965 sunt
2422 897 2468 966 ².
2548 900 2699 984 Epi-

447 1006 681 1069 scopus
735 993 971 1067 autem,
1017 986 1270 1052 abscisa
1313 986 1551 1056 suimet
1604 985 1897 1050 auricula
1940 992 2007 1051 et
2048 986 2323 1051 caeteris
2369 986 2699 1051 sauciatus

449 1072 767 1152 membriS,
813 1094 957 1138 cum
1004 1071 1358 1138 interfectis
1403 1072 1590 1156 quasi
1633 1079 1928 1136 mortuus
1972 1071 2179 1136 latuit.
2277 1072 2466 1137 quta
2508 1092 2697 1154 quem

445 1160 742 1225 inimicus
786 1158 975 1224 homo
1021 1158 1236 1222 iacens
1282 1163 1348 1222 et
1392 1157 1563 1222 hunc
1608 1158 1817 1221 vivere
1865 1157 2068 1221 solum
2123 1157 2203 1221 ab
2255 1157 2695 1222 insidiantium

445 1247 694 1327 laqueis
738 1253 892 1310 tunc
934 1265 1197 1310 securus
1244 1265 1508 1309 cernens
1555 1242 1810 1308 hastam
1852 1243 2123 1329 sumpsit
2170 1249 2235 1308 et
2279 1264 2507 1308 necare
2544 1264 2698 1307 eun-

445 1329 586 1395 dem
643 1336 908 1396 conatus
961 1336 1077 1398 est.
1198 1330 1374 1395 Tunc
1427 1330 1550 1395 iste
1612 1329 2014 1394 confortatus
2075 1329 2143 1392 in
2207 1329 2481 1394 Domino
2552 1333 2701 1411 post

445 1417 703 1500 longum
749 1415 956 1482 mutui
1010 1417 1235 1500 agonis
1297 1415 1621 1481 luctamen
1671 1415 1874 1481 victor·
1922 1413 2173 1480 hostem
2209 1415 2588 1498 prostravit
2636 1419 2701 1479 et

443 1503 613 1567 inter
657 1503 892 1568 multas
936 1502 1187 1567 itineris
1241 1503 1623 1586 asperitates
1683 1501 2015 1565 incolomis
2060 1506 2245 1566 notos
2279 1501 2571 1584 pervenit
2615 1500 2700 1565 ad

443 1588 620 1654 fines.
711 1587 869 1653 Inde
917 1588 1220 1672 gaudium
1258 1588 1465 1672 gregis
1505 1609 1621 1653 suo
1672 1583 2005 1674 [exoritur]
2050 1594 2116 1652 et
2160 1587 2333 1651 omni
2370 1586 2699 1651 Christum
2801 1605 2815 1618 ·

445 1676 866 1759 cognoscenti.
975 1674 1313 1757 Excipitur
1365 1673 1447 1739 ab
1510 1674 1804 1739 omnibus
1857 1673 2039 1738 miles
2105 1672 2313 1737 bonus
2368 1673 2433 1736 in
2488 1672 2701 1736 cleros

444 1766 508 1825 et
551 1766 844 1826 servatur
889 1761 1168 1844 optimus
1223 1767 1448 1843 pastor
1499 1761 1568 1824 in
1610 1760 1847 1843 populo
1901 1764 1966 1823 et
2008 1757 2135 1823 fuit
2176 1757 2459 1824 eiusdem
2506 1758 2698 1822 muti-

443 1847 638 1912 latio¹²
683 1868 808 1912 non
852 1846 936 1910 ad
980 1846 1276 1926 dedecus,
1322 1845 1436 1911 sed
1479 1845 1565 1910 ad
1607 1846 1915 1910 honorem
1959 1845 2179 1928 magis
2271 1845 2354 1909 Et
2394 1845 2564 1909 nunc
2598 1865 2696 1908 re-

445 1938 663 1999 vertar
706 1932 788 1997 ad
835 1932 1303 2017 explanandam
1349 1931 1745 1997 narracionis
1790 1931 2037 1996 seriem.

241 2048 406 2113 (964).
614 2037 716 2102 28.
790 2033 918 2120 (18.
1049 2035 1482 2100 Romanorum
1552 2040 1894 2118 prepotens
1926 2081 1931 2086 ·
1965 2036 2315 2118 imperator
2384 2038 2699 2116 augustus

443 2121 858 2187 valentiorem
937 2118 1083 2208 sibi]
1138 2121 1205 2185 in
1260 2120 1514 2186 Christo
1570 2119 1870 2185 domnum
1933 2121 2382 2204 apostolicum,
2444 2121 2699 2184 nomine

443 2207 888 2286 Benedictum‚
945 2204 1178 2294 [quem]
1226 2207 1451 2270 nullus
1493 2207 1738 2289 absque
1782 2208 1916 2272 Deo
1970 2206 2257 2272 iudicare
2310 2206 2550 2288 potuit,
2607 2207 2699 2270 in-

440 2295 626 2371 iuste,
665 2299 738 2359 ut
771 2314 978 2377 spero,
1015 2298 1410 2372 accusatum,
1458 2293 1693 2373 deponi
1728 2293 2053 2358 consensit
2095 2300 2180 2372 et,
2240 2292 2409 2376 quod
2448 2294 2696 2356 utinam

440 2401 565 2445 non
619 2380 903 2459 fecisset,
959 2379 1147 2444 exilio
1201 2378 1286 2443 ad
1330 2378 1804 2460 Hammaburcg
1854 2378 2140 2462 religari1
2212 2379 2498 2461 precepit
2516 2377 2564 2455 3,
2629 2383 2702 2443 ut

439 2465 919 2550 post·luci*dius
968 2464 1264 2531 indicabo
1279 2464 1327 2535 4.
1397 2463 1706 2530 Interim⁵
1734 2464 2155 2530 Hirimannus
2191 2464 2320 2529 dux
2351 2464 2695 2530 Saxoniam
2724 2481 2849 2534 *χοι
2879 2485 2945 2524 28.

443 2552 732 2637 regebat3
784 2553 1122 2637 positaque
1167 2553 1251 2617 ad
1286 2551 1806 2636 Magathaburgk
1840 2552 2167 2630 concione,
2223 2555 2557 2632 susceptus
2602 2556 2701 2615 est

444 2639 526 2704 ab
572 2638 1050 2722 archiepiscopo
1092 2659 1415 2722 manuque
1458 2638 1774 2703 deductus
1819 2637 1903 2703 ad
1940 2637 2345 2714 aecclesiam,
2408 2636 2699 2701 accensis

443 2724 896 2791 luminaribus¹
971 2726 1342 2808 cunctisque
1413 2723 1791 2789 sonantibus
1866 2723 2214 2805 campanis.
2336 2721 2432 2787 lbi
2510 2744 2699 2787 avum

445 2812 704 2877 meimet
738 2810 1110 2876 Heinricum
1122 2810 1170 2891 ⁶,
1207 2818 1424 2878 tantae
1458 2811 1863 2875 resistentem
1900 2809 2257 2893 superbiae,
2296 2807 2441 2873 dolo
2470 2828 2698 2890 capere

443 2897 574 2963 dux
627 2898 808 2965 nisus
861 2919 986 2963 non
1038 2897 1272 2981 potuit,
1337 2896 1492 2979 quia
1545 2894 1737 2983 [hunc
1816 2894 2092 2960 militum
2146 2915 2379 2977 magna
2442 2902 2701 2959 caterva

334 3018 342 3029 ·
445 2984 722 3050 vallavit.
830 2985 1123 3068 Precepit
1180 2990 1393 3048 tamen
1458 2983 1545 3061 ei,
1613 2987 1686 3046 ut
1740 2984 1743 2986 ’
1835 3002 2005 3046 mam
2067 2988 2213 3064 post
2266 2981 2700 3065 inperatorem

444 3076 755 3155 pergeret.
840 3069 1022 3148 Quod
1057 3069 1480 3136 libentissime
1526 3067 1853 3150 complens
1897 3067 2287 3132 transcensis
2323 3066 2593 3151 Alpibus
2629 3074 2704 3133 ut

395 3238 401 3245 .
443 3158 722 3241 primum
757 3156 841 3221 ad
877 3158 1330 3241 imperatorem
1365 3154 1556 3233 venit,
1602 3153 1824 3218 videns
1860 3174 2005 3219 eum
2055 3176 2094 3218 a
2140 3154 2328 3236 longe
2369 3153 2701 3219 solotenus

447 3264 515 3309 se
558 3242 928 3326 prostravit;
983 3244 1568 3326 interrogatusque,
1624 3239 1780 3323 quid
1826 3261 2062 3305 causae
2105 3240 2230 3305 hoc
2275 3245 2473 3317 esset,
2530 3238 2700 3325 quod

445 3335 786 3396 accusatus
855 3329 1027 3413 apud
1109 3349 1255 3393 eum
1333 3328 1610 3411 gratiam
1690 3347 1873 3391 suam
1943 3327 2373 3410 pietatemque
2444 3326 2699 3390 solitam

445 3483 490 3535 a)
529 3484 720 3525 cumissa
746 3486 796 3535 A,
824 3483 1043 3523 cfiomlssa
1070 3494 1177 3522 corr.
1207 3484 1271 3523 W.
1383 3482 1430 3528 b)
1469 3482 1671 3530 optinere
1697 3482 1839 3531 primo
1864 3480 1915 3530 A,
1941 3481 2061 3531 quoa
2095 3482 2182 3529 {pu
2217 3481 2382 3520 vidntur
2405 3481 2625 3519 mutavisse
2650 3480 2697 3517 iu

445 3536 590 3585 optino
615 3537 710 3587 diu3
730 3538 879 3587 postea
904 3547 973 3576 me
998 3546 1207 3583 cuper-ser.
1231 3535 1280 3574 Τ.
1385 3534 1426 3585 c)
1454 3538 1669 3573 σκοτία-
1686 3533 1835 3573 duella
1853 3533 1905 3573 A.
2011 3532 2059 3583 d)
2082 3532 2221 3572 vincti
2238 3532 2293 3573 A.
2396 3536 2437 3578 e)
2464 3531 2494 3570 h
2518 3530 2621 3571 add.
2644 3531 2695 3571 Τ.

444 3587 483 3637 ἰ)
507 3589 603 3637 gret
620 3588 673 3638 A,
699 3600 803 3629 corr.
826 3589 866 3628 Τ
979 3586 1027 3637 g)
1049 3588 1178 3627 bonis
1203 3586 1386 3635 implero
1404 3587 1456 3637 A,
1483 3596 1593 3625 corr.
1616 3586 1667 3627 Τ.
1770 3584 1817 3636 h)
1849 3586 1883 3625 ti
1909 3584 2013 3625 add.
2037 3585 2085 3624 Τ.
2191 3586 2225 3636 1)
2251 3584 2419 3633 religit-1
2435 3585 2486 3634 A,
2515 3594 2621 3623 corr.
2645 3585 2697 3623 Τ.

446 3640 494 3691 k)
519 3640 820 3691 magadaburg
846 3640 888 3680 V.
994 3641 1027 3690 l)
1049 3639 1090 3679 ri
1115 3638 1219 3679 aad.
1249 3639 1297 3679 Τ.

451 3760 502 3827 1)
550 3761 888 3829 Episcopum
935 3761 1094 3815 942-
1105 3759 1231 3819 972;
1278 3758 1561 3811 Dibmmler
1598 3773 1656 3826 p.
1694 3756 1814 3812 496.
1986 3757 2040 3823 2)
2098 3758 2301 3826 Pugna
2348 3758 2503 3825 apud
2548 3758 2697 3811 Looo

433 3830 600 3894 facta
651 3846 702 3884 a.
752 3830 853 3884 949
903 3831 1050 3897 Any.
1082 3830 1144 3890 93
1197 3828 1477 3881 Domsmler
1515 3842 1579 3893 p.
1615 3827 1730 3880 182.
1889 3827 1945 3891 3)
1994 3828 2351 3882 Benedictwm
2390 3826 2474 3890 V.,
2521 3827 2620 3894 qui
2660 3843 2696 3879 a

448 3896 712 3953 Romanis
746 3898 992 3953 Iohanne
1031 3898 1171 3951 XII.
1206 3900 1414 3949 mortuo
1451 3912 1503 3949 a.
1538 3895 1643 3949 964
1680 3901 1866 3949 contra
1902 3898 2141 3950 Leonem
2180 3896 2347 3950 VIII.
2376 3910 2537 3963 papa
2574 3909 2695 3948 con-

450 3967 674 4023 stitutus
719 3972 853 4034 erat,
899 3966 1018 4020 Otto
1055 3966 1232 4019 eodem
1268 3979 1413 4017 anno
1449 3970 1669 4031 captum
1708 3978 1811 4029 per
1846 3964 2113 4029 synodum
2146 3966 2570 4018 Lutea-anensem
2606 3963 2694 4015 de-

447 4037 632 4104 posuit
644 4056 660 4101 ;
697 4036 975 4090 Dibmmler
994 4050 1053 4101 p.
1073 4031 1361 4087 361-364.
1456 4032 1511 4098 4)
1545 4033 1609 4086 V.
1638 4030 1794 4099 infra
1820 4033 1927 4099 IV,
1963 4034 2054 4095 183
2095 4032 2228 4095 VII,
2255 4032 2337 4086 28.
2432 4031 2485 4097 5)
2519 4030 2693 4085 Thiet·

448 4122 636 4160 marus
663 4104 954 4159 secundam
973 4102 1181 4157 ottonis
1197 4102 1248 4154 I.
1275 4102 1662 4168 expeditionem
1688 4102 1747 4154 in
1766 4102 1996 4155 Italiam
2030 4098 2349 4165 (961—965)
2386 4116 2509 4153 cwm
2534 4100 2697 4155 tertia

449 4174 764 4238 (966-972)
813 4174 904 4227 hic
951 4169 1263 4237 confudisse
1310 4170 1538 4225 videtur.
1622 4172 1697 4224 In
1738 4170 1839 4225 illa
1876 4170 2233 4223 Benedictum
2275 4168 2567 4237 irnperator
2603 4168 2692 4223 de·

446 4244 634 4311 posuit
646 4262 662 4307 ;
717 4243 823 4297 hac
857 4242 1090 4297 durante
1125 4239 1502 4294 Aethelbertus
1537 4239 2063 4308 archiepiscopatum
2095 4236 2325 4293 obtinuit
2358 4237 2695 4306 Maydebur-

448 4326 678 4379 yensem.
746 4314 810 4365 L.
969 4310 1023 4375 6)
1075 4307 1326 4364 Comitem
1373 4308 1707 4373 Stadensem,
1754 4307 1912 4363 cuius
1962 4307 2081 4375 filia
2130 4306 2474 4374 Kuniqunda
2525 4313 2697 4362 mater

453 4380 749 4435 Thietmari
768 4377 913 4446 fuit5
962 4378 1059 4448 qui
1088 4378 1230 4433 idem
1260 4377 1476 4432 videtur
1507 4391 1647 4439 esse,
1693 4393 1849 4445 quem
1894 4376 2038 4431 Wid.
2065 4376 2190 4441 III,
2224 4378 2288 4431 51
2338 4376 2697 4444 expeditionis

453 4467 504 4507 a.
540 4450 641 4504 955
676 4454 858 4503 contra
897 4447 1088 4503 Slavoe
1111 4446 1302 4515 factae
1331 4447 1656 4515 participem
1692 4451 2074 4507 commemorat.
