3100 5050
512 416 615 470 226
999 412 1404 468 THIETMARI
1442 412 1702 469 CHRON.
1771 413 1908 468 LIB.
1945 413 2083 468 VIII
2121 415 2188 480 (V
2189 415 2286 480 11).

331 581 481 635 1017.
517 568 683 631 hanc
742 567 909 631 enim
963 573 1117 630 tunc
1171 568 1439 632 multum
1493 566 1837 632 excoluit*.
1934 567 2022 632 Et
2077 569 2230 652 quia
2283 576 2434 634 tunc
2489 569 2765 652 quadra-

298 673 484 714 mms.
513 655 755 736 gesima
811 651 958 730 fuit,
1028 674 1192 736 quae
1252 652 1506 717 Christo
1568 653 1950 737 oportebant
2016 662 2081 718 et
2137 655 2352 720 seculo
2418 655 2484 719 in
2542 657 2764 721 multis

513 740 879 804 necessaria
921 747 1151 815 erant,·
1176 740 1429 822 operari
1474 738 1740 807 studuit.

314 931 420 979 Apr.
444 933 481 970 1.

268 1189 395 1228 Mart.
416 1189 501 1238 .“11.“ι

258 1257 384 1297 Mart.
403 1258 481 1297 31-

286 1308 393 1357 Apr.
412 1311 451 1348 6.

282 2049 391 2096 Apr.
411 2049 475 2087 14.

284 2133 390 2182 Apr.
411 2134 475 2172 21.

682 825 836 888 Post
872 825 1027 889 haec
1074 824 1414 889 Bertoldus
1460 823 1781 889 Liutharii
1825 822 1996 889 filius
2039 846 2184 890 cum
2219 826 2352 891 suis
2397 825 2762 892 fautoribus

511 910 733 976 urbem
778 909 1125 974 Munnam1
1169 910 1312 976 Kal.
1353 910 1590 993 Aprilis
1631 909 1950 975 conducto
1994 912 2258 977 custode
2304 910 2584 977 diluculo
2627 912 2759 977 *in-
2793 915 3022 965 *f01·¹⁶⁶

508 1007 690 1061 trans
778 993 1192 1084 [Baldricum]
1276 986 1644 1078 Wigmanni
1723 995 1976 1061 comitis
2050 997 2342 1063 inclitum
2417 998 2760 1063 satellitem
2818 967 2954 1018 (ἴως’
2975 972 3043 1020 2³)-

508 1103 654 1148 cum
719 1084 1035 1146 consociis
1102 1082 1235 1146 diu·
1279 1088 1734 1165 repugnantem
1813 1081 2046 1147 occidit
2109 1083 2436 1166 victorque
2501 1083 2755 1150 insedit.

512 1168 671 1254 (39.)
740 1167 955 1232 Pridie
1000 1185 1120 1250 ego
1165 1167 1248 1231 ad
1294 1167 1489 1232 Misni
1530 1166 1811 1250 presidio
1855 1167 2204 1234 veniebam.

676 1255 779 1321 54.
868 1254 938 1318 In
989 1254 1113 1317 hac
1166 1251 1562 1317 ebdomade·
1615 1253 1935 1337 principes
1985 1255 2194 1319 nostri
2247 1253 2464 1319 edictu
2517 1256 2758 1326 cesaris

507 1339 592 1404 ad
618 1339 871 1405 Gosleri
904 1339 1312 1418 conveniunt,
1349 1335 1613 1470 ibi[q²ue]
1647 1344 1802 1403 tunc
1837 1339 2131 1405 avinculo
2166 1340 2424 1405 meimet
2452 1339 2755 1424 Sigifrido

508 1426 850 1491 comitatus
911 1425 1132 1489 fratris
1195 1423 1482 1489 Heinrici
1599 1424 2087 1490 commendatur
2165 1434 2228 1491 et
2297 1426 2628 1508 expedicio
2690 1429 2758 1490 in

506 1512 740 1576 nostris
799 1510 1092 1595 partibus
1168 1509 1507 1575 ordinatur
1575 1517 1958 1595 caeteraque
2025 1513 2275 1595 patriae
2334 1512 2756 1595 periclitantis

504 1596 791 1682 proficua
837 1605 901 1662 et
940 1595 1283 1661 admodum
1317 1596 1682 1662 necessaria
1715 1596 2144 1678 disputantur.
2234 1597 2572 1680 Inperator
2607 1598 2756 1663 inde

503 1704 881 1768 progressus
946 1683 1063 1746 hoc
1115 1683 1379 1760 malum,
1443 1681 1617 1765 quod
1670 1681 1946 1765 predixi,
2006 1683 2303 1766 primitus
2364 1685 2757 1768 comperiens

506 1769 585 1834 de
618 1769 841 1834 futura
873 1768 1367 1851 perturbacione
1402 1767 1716 1833 sollicitus
1745 1767 1886 1832 fuit.
1959 1767 2035 1833 In
2062 1768 2172 1832 illo
2198 1769 2442 1834 vernali
2469 1776 2756 1854 tempore

506 1863 570 1918 et
622 1857 687 1918 in
732 1853 1093 1919 Bernhardi
1148 1853 1537 1918 marchionis
1589 1858 1913 1936 potestate
1967 1855 2255 1920 nascitur
2307 1855 2443 1919 ovis
2497 1876 2643 1920 cum
2700 1857 2755 1918 V

504 1940 801 2006 cruribus
812 1942 900 2006 **.

675 2026 931 2091 Palmas
958 2046 1071 2090 rex
1107 2025 1389 2090 celebrat
1415 2022 1774 2112 [Magoncia
1799 2032 1865 2089 et
1889 2025 1957 2089 in
1985 2023 2477 2112 *IngilnenemJb
2516 2028 2756 2110 pascha
2788 2045 2812 2067 *¹
2843 2059 2892 2096 p.
2914 2049 3000 2089 854.

506 2120 572 2177 et
614 2113 677 2176 in
726 2112 826 2176 his
869 2110 1163 2195 partibus
1208 2111 1413 2194 magis
1458 2109 1800 2174 honorifice
1845 2132 1921 2175 ac
1958 2112 2337 2195 potestative
2381 2109 2754 2198 [numquam

503 2197 669 2286 fuit].
778 2198 863 2262 Et
920 2198 1073 2280 quia
1124 2195 1206 2261 ob
1260 2203 1506 2261 tantam
1570 2196 2108 2278 sollempnitatem
2168 2199 2452 2262 maxima
2511 2197 2753 2264 ibidem

503 2284 709 2349 finiri⁰
761 2305 889 2348 non
945 2290 1270 2366 poterant,
1350 2281 1434 2346 ad
1489 2283 1896 2366 Aquasgrani
1956 2284 2218 2365 ponitur
2272 2290 2618 2349 conventus
2689 2292 2754 2350 et-

502 2382 653 2435 tunc
716 2370 850 2434 illic
911 2389 1053 2434 cum
1118 2367 1381 2433 consilio
1446 2365 1774 2433 Heriberti
1831 2367 2284 2452 archipresulis
2345 2369 2751 2435 Thiedricum

504 2457 849 2521 Metensem
912 2456 1279 2541 episcopum
1350 2460 1416 2518 et
1474 2453 1849 2519 Heinricum
1910 2453 2175 2520 fratrem
2247 2454 2384 2520 eius
2451 2456 2750 2539 placavit.

505 2544 747 2626 Regina
782 2543 1118 2607 autem***
1154 2562 1193 2605 a
1220 2540 1731 2606 Froncanavordi
1772 2562 1812 2605 a
1848 2562 2068 2606 cesare
2103 2542 2454 2621 discedens,
2493 2564 2636 2607 cum
2663 2543 2752 2608 ad

501 2629 731 2708 locum,
768 2629 878 2712 qui
916 2628 1308 2711 Capungund
1344 2626 1596 2705 dicitur,
1644 2628 1908 2706 veniret,
1963 2626 2326 2693 infirmatur
2369 2634 2434 2694 et
2468 2627 2559 2693 ibi
2593 2635 2750 2696 tunc

504 2716 641 2779 Deo
658 2715 967 2798 promisit,
986 2735 1054 2778 se
1074 2714 1156 2777 ad
1176 2712 1431 2777 laudem
1451 2714 1590 2778 eius
1603 2734 1803 2779 unum
1820 2713 2142 2779 facturam
2157 2714 2670 2779 monasterium&
2687 2725 2747 2792 †.

674 2803 778 2868 55.
858 2798 1015 2865 *Sed
1068 2798 1239 2883 quod
1290 2797 1461 2863 inter
1511 2799 1672 2863 haec
1723 2798 1988 2878 accidit,
2053 2798 2178 2865 hiis
2231 2800 2521 2866 adnecti⁸
2572 2800 2752 2866 haud
2781 2816 2806 2837 *
2839 2821 3018 2859 man-o.

502 2888 923 2970 incongruum
968 2892 1084 2951 est.
1182 2885 1345 2970 (40.)
1415 2885 1489 2949 In
1532 2884 1690 2949 urbe
1735 2884 2345 2969 Parthenopolitana
2388 2886 2554 2951 duae
2598 2907 2750 2952 con-

502 2994 753 3038 sorores
789 2973 987 3050 fuere,
1034 2991 1307 3055 quarum
1341 2972 1519 3053 prior
1556 2969 1804 3035 Alwred
1840 2976 1906 3035 et
1939 2971 2150 3036 iunior
2184 2971 2543 3055 Irmingerd
2579 2973 2750 3038 dice-

499 3058 709 3123 batur.
803 3057 1043 3123 Ambae
1088 3055 1430 3121 admodum
1474 3055 1852 3121 *laudabilis
1887 3057 2078 3137 vitae,
2127 3078 2251 3121 non
2296 3078 2440 3123 cum
2476 3060 2749 3124 caeteris
2778 3076 2804 3098 *
2827 3079 2920 3126 soz.
2944 3080 3033 3120 mr.

500 3142 1093 3209 sanctimonialibus
1147 3142 1608 3221 conversando,
1665 3142 1777 3207 sed
1830 3144 2244 3227 singulariter
2294 3145 2361 3207 in
2414 3144 2749 3222 aecclesia,

500 3251 666 3314 quae
720 3228 1019 3294 Rotunda
1073 3227 1431 3303 dicebatur,
1497 3227 1756 3293 Christo
1809 3228 2072 3313 eiusque
2125 3228 2398 3294 dilectae
2451 3231 2750 3313 genitrici

500 3316 791 3380 sedulum
853 3313 1240 3380 exhibebant
1302 3313 1698 3397 obsequium.
1802 3314 2022 3380 Iunior
2079 3321 2298 3380 autem
2358 3316 2749 3381 exteriorum

500 3401 715 3466 lumen
743 3400 1069 3465 oculorum
1094 3399 1367 3484 perdens
1386 3400 1680 3464 interiori
1707 3400 1846 3485 acie
1875 3406 2092 3465 eterno
2115 3400 2354 3465 fruitur
2379 3400 2754 3484 splendores

612 3556 669 3622 ²¹⁸)
710 3572 868 3625 quam
906 3558 961 3609 et
996 3554 1336 3609 edificaverat
1373 3556 1500 3610 add.
1533 3556 1596 3610 V.

578 3624 669 3692 **)
706 3626 908 3679 Era-sis
942 3626 1145 3693 paucis
1186 3625 1377 3691 verbis,
1420 3640 1560 3693 quae
1591 3624 1638 3677 T
1675 3624 1816 3679 inter
1858 3624 2034 3679 lineas
2075 3630 2125 3679 et
2167 3624 2227 3679 in
2272 3625 2458 3679 dextro
2501 3627 2750 3695 maryine

702 3695 1023 3759 inseruerat,
1062 3694 1129 3747 N
1164 3694 1223 3747 in
1258 3709 1429 3760 mara.
1463 3690 1566 3759 inf.
1601 3692 1849 3761 scripsit:
1905 3690 1972 3746 In
2013 3708 2193 3747 mense
2228 3691 2406 3760 Aprili
2449 3696 2506 3747 et
2541 3694 2634 3748 VI.
2662 3694 2748 3749 Id.

704 3761 939 3816 eiusdem
987 3778 1105 3815 cum
1154 3762 1263 3815 iam
1310 3760 1679 3829 plenalunium
1729 3762 1884 3821 esset,
1933 3761 2060 3815 luna
2097 3778 2128 3815 a
2175 3761 2362 3815 multis
2396 3762 2512 3816 visa
2558 3766 2640 3817 est
2681 3766 2750 3819 ut

704 3848 839 3885 nova
848 3842 891 3892 ε,
926 3830 1057 3885 hora
1092 3830 1201 3884 diei
1236 3830 1405 3884 tercia
1439 3829 1531 3883 diu
1566 3829 1812 3884 rutilanS.

542 3898 671 3961 ***)
708 3899 1022 3968 cvnigundis
1058 3900 1185 3953 add.
1229 3898 1289 3952 V.

610 3967 661 4033 †)
700 3968 1095 4030 canonicarum,
1158 3966 1297 4037 quod
1348 3965 1682 4034 postmodum
1735 3965 1962 4033 perfecit
2013 3970 2070 4021 et
2121 3970 2338 4021 vocatur
2387 3966 2746 4036 confugiensis

702 4037 897 4091 eclesia
931 4038 1059 4092 add.
1098 4037 1158 4091 V.

498 4172 541 4223 a)
570 4172 750 4213 ebdomo
770 4185 875 4212 corr.
895 4174 1078 4213 ebdoma
1096 4175 1133 4213 1.
1254 4172 1299 4218 b)
1328 4182 1370 4209 m
1390 4174 1434 4209 et
1450 4172 1495 4209 in
1514 4170 1544 4209 1.
1574 4170 1678 4211 add.
1701 4170 1748 4209 T.
1779 4172 1824 4209 in
1849 4174 1940 4211 loco
1966 4182 2076 4211 raso,
2181 4169 2224 4221 c)
2251 4170 2376 4211 finire
2393 4174 2446 4211 B.
2551 4172 2597 4222 d)
2619 4174 2748 4220 prius

494 4224 660 4316 lidda}
680 4226 739 4315 ΤΔ
760 4277 806 4315 S·
860 4227 902 4274 e)
945 4231 988 4263 et
1022 4224 1139 4263 necti
1168 4223 1213 4262 0.
1254 4228 1262 4235 “
1344 4222 1382 4273 f)
1424 4220 1655 4271 spelndore
1684 4222 1734 4271 0,
1771 4233 1879 4263 corr.
1907 4222 1954 4263 T.
2085 4222 2130 4273 g)
2173 4223 2342 4263 scilicet
2377 4234 2474 4262 cum
2511 4228 2579 4263 est
2601 4224 2747 4273 prima

498 4380 551 4443 1)
598 4380 931 4446 Monreburq
967 4392 1137 4445 prope
1174 4377 1371 4432 Calc-ar
1412 4378 1554 4433 inter
1591 4376 1746 4433 Gleve
1789 4384 1838 4433 et
1877 4379 2098 4433 Xanten
2135 4379 2296 4433 situm
2307 4398 2325 4445 ;
2379 4376 2616 4434 ‘Jahrbss
2651 4381 2727 4433 II
2727 4420 2742 4446 ,

494 4449 783 4510 350—351,
822 4448 940 4509 ΙΙΙ,
978 4448 1062 4501 53.
1200 4446 1253 4510 2)
1306 4447 1363 4501 V.
1401 4462 1575 4514 supra
1613 4464 1656 4501 0.
1683 4448 1769 4502 46.
1905 4447 1959 4511 3)
2001 4445 2153 4513 Con-f.
2188 4448 2300 4513 IX,
2337 4448 2419 4506 18.
