3100 5050
459 405 559 460 170
967 401 1368 457 ΤΗΙΕΤΜΑΒΙ
1404 400 1666 457 CHRON.
1737 401 1874 457 LIB.
1909 402 2017 457 VII
2054 401 2188 468 (Vl).

291 570 425 625 1012
461 556 757 621 *Postera
797 555 902 621 die
947 554 1031 619 ad
1075 556 1396 621 modicum
1439 554 1681 621 evaluit
1736 554 2185 621 archiantistes
2246 561 2309 621 et
2360 553 2447 619 ad
2488 574 2703 637 regem
2729 574 2753 599 *¹
2774 588 2827 626 p.
2850 576 2960 616 824.

266 638 369 678 ¹¹²³·
387 639 428 679 ²·
455 640 794 707 ambulans
811 663 880 707 se
905 641 1180 707 multum
1205 643 1544 707 commovit
1570 648 1636 707 et
1670 646 1817 725 post
1849 640 1971 707 hoc
2003 642 2073 705 in
2108 646 2359 707 tantum
2388 640 2703 719 tardatur,

457 734 532 793 ut
571 747 686 811 per
729 747 798 791 se
840 748 1192 812 numquam
1235 726 1480 811 aliquid
1516 726 1731 791 facere
1768 727 2103 809 potuisset.
2191 727 2516 793 Accersito
2551 733 2706 791 tunc

458 813 546 880 ad
587 834 734 877 eum
777 812 974 877 fratre
1019 824 1202 878 meo·
1257 812 1490 879 abbate
1535 812 1938 896 Sigifrido*¹
1992 809 2113 912 [ac]
2168 812 2447 895 presulib
2494 812 2703 891 Erico,

270 920 428 962 Iun-5.
459 907 524 965 et
583 899 712 965 illis
773 898 1234 965 confessionem
1296 899 1451 964 fecit
1520 905 1586 962 et
1636 900 1703 962 in
1755 898 1833 966 V.
1893 897 2082 976 feria,
2159 919 2303 963 cum
2364 899 2493 964 iam
2554 896 2705 962 inde

457 985 763 1051 voluisset
803 1006 1092 1069 pergere,
1148 984 1330 1051 iuxta
1371 985 1765 1049 caminatam
1818 985 1987 1066 regis
2032 984 2193 1049 solio
2247 990 2544 1069 portatur
2588 1004 2705 1049 suo

459 1080 525 1138 et
575 1072 822 1136 elevato
885 1091 925 1135 a
985 1070 1194 1153 capite
1257 1069 1451 1154 pilleo
1513 1069 1932 1135 dormientem
1986 1068 2311 1153 aloquitur
2362 1071 2705 1135 seniorem:

460 1156 714 1223 ‘Grates
762 1156 886 1221 tibi
935 1155 1310 1237 condignas,
1366 1155 1619 1221 domine
1662 1155 1753 1220 mi
1795 1155 2159 1231 karissime,
2212 1154 2454 1221 referat
2504 1156 2709 1220 omni·

503 1249 682 1309 otens
701 1243 879 1307 Deus
896 1241 975 1306 de
997 1242 1243 1307 cunctis
1262 1241 1792 1307 miseracionibus
1820 1242 1969 1320 tuis,
1998 1238 2275 1329 [quibus]
2302 1243 2709 1325 peregrinum

482 1326 606 1415 me]
675 1328 990 1394 hactenus
1049 1328 1326 1393 visitasti
1395 1334 1462 1392 et
1529 1327 1896 1393 consolatus
1966 1326 2152 1393 es'**.
2268 1327 2352 1391 Et
2411 1334 2566 1392 tunc
2626 1327 2710 1392 ad

461 1415 840 1480 aecclesiam
864 1414 1122 1478 veniens
1149 1413 1393 1487 audivit
1419 1413 1699 1492 missam,
1742 1409 1931 1563 [ipseJ
1956 1420 2279 1496 presentes
2308 1412 2709 1479 benedicens.

461 1500 620 1565 Inde
672 1505 1008 1583 portatur<²
1068 1498 1154 1563 ad
1205 1500 1417 1565 navim
1479 1504 1546 1564 et
1598 1499 1666 1563 in
1718 1520 1797 1564 ea
1848 1520 1889 1563 a
1991 1498 2350 1564 Ivicansten
2398 1497 2712 1564 deductus

269 1606 433 1649 rum-1.
460 1594 576 1655 est.
682 1585 784 1649 Ibi
840 1593 976 1650 tum
1035 1584 1306 1651 sabbato
1363 1584 1829 1668 requiescebat.;
1900 1589 1965 1649 et
2020 1584 2083 1647 in
2146 1584 2249 1649 die
2306 1583 2473 1652 dom.
2532 1584 2715 1650 iuxta

274 1693 432 1733 1un.s.
463 1672 684 1738 urbem
738 1691 922 1736 suam
966 1671 1220 1754 Spiutni
1261 1678 1551 1737 vocatam
1568 1668 1597 1715 2
1649 1670 1901 1753 navigio
1946 1670 2136 1737 venit.
2238 1670 2315 1737 In
2368 1669 2453 1737 11.
2499 1675 2710 1735 autem

275 1778 434 1821 iuna.
463 1758 627 1823 feria
670 1758 738 1821 in
790 1756 930 1841 ipso
985 1757 1255 1822 itinere‘¹
1306 1778 1452 1822 cum
1503 1757 1634 1820 iam
1689 1777 1849 1839 pene
1903 1755 2269 1834 defecisset,
2314 1755 2713 1821 Walterdum

465 1843 548 1909 ad
583 1863 652 1907 se
678 1843 926 1907 vocavit
959 1844 1380 1927 prepositum;
1417 1843 1683 1926 eiusque
1716 1842 1866 1907 fidei
1906 1862 1973 1907 se
2001 1862 2277 1925 suosque
2312 1842 2715 1906 committens

465 1929 540 1994 V.
562 1927 658 1994 Id.
679 1926 891 1993 Iunii3
926 1950 1052 1993 non
1089 1928 1268 2006 obiit,
1305 1928 1419 1993 sed
1453 1928 1539 1995 ad
1568 1927 1915 2007 Christum,
1950 1948 2140 2012 quem
2178 1948 2429 2009 semper
2456 1926 2713 2004 amavit,

461 2016 668 2079 laetus
704 2013 885 2079 abiit.
952 2014 1054 2079 Fit
1087 2016 1295 2079 oratio
1329 2036 1370 2079 a
1396 2013 1829 2079 confratribus
1856 2036 2001 2079 cum
2041 2013 2425 2079 intermixtis
2459 2011 2713 2078 fletibus

464 2116 530 2165 et
567 2100 740 2164 Bodo
777 2100 962 2165 miles
996 2099 1114 2164 *ad
1149 2121 1360 2183 regem
1397 2099 1479 2163 ad
1514 2100 1675 2164 haec
1712 2100 2057 2165 indicanda
2094 2100 2387 2166 mittitur.
2467 2098 2715 2183 Corpus
2743 2115 2871 2167 *soa
2896 2116 3002 2158 ω’.

464 2192 679 2251 autem
733 2185 1196 2270 archiepiscopi
1253 2185 1337 2249 ad
1385 2186 1651 2249 Frasam
1704 2185 1843 2270 ipso
1895 2185 2000 2251 die
2044 2187 2218 2251 venit
2262 2192 2328 2251 et
2376 2184 2469 2249 ibi
2504 2204 2715 2249 sacer-

465 2272 789 2338 dotalibus
847 2272 1240 2337 vestimentis
1301 2278 1597 2353 paratum
1669 2272 1755 2335 ad
1816 2272 2033 2336 sedem
2095 2293 2277 2336 suam
2328 2269 2717 2335 transfertur

466 2365 531 2423 et
573 2378 718 2422 cum
763 2357 1008 2439 ingenti
1050 2358 1327 2424 tristicia
1373 2356 1455 2423 ab
1501 2356 1797 2422 omnibus
1842 2358 2205 2440 suscipitur.

638 2448 696 2509 2.
769 2444 934 2530 (42.)
1040 2443 1176 2525 Ego
1238 2450 1452 2508 autem
1512 2443 1671 2507 haec
1736 2444 1952 2507 omnia
2010 2444 2079 2507 in
2142 2440 2514 2523 Merseburg
2575 2460 2719 2505 sero

249 2553 350 2592 run.
371 2555 434 2598 n.
465 2530 860 2614 comperiens
895 2531 963 2594 in
997 2530 1136 2614 ipso
1173 2529 1593 2612 depositionis
1628 2529 1732 2594 die
1764 2535 1904 2594 orto
1942 2529 2071 2593 iam
2101 2528 2235 2593 sole
2271 2525 2714 2610 adveniebam3

467 2625 532 2681 et
576 2637 716 2680 cum
763 2617 830 2680 in
875 2617 1190 2681 aecclesia
1225 2616 1450 2681 maiori
1489 2635 1697 2697 pauca
1732 2615 2040 2680 orationis
2074 2614 2271 2679 verba
2307 2612 2718 2689 effunderem,

467 2703 611 2768 veni
646 2702 730 2767 ad
767 2701 1195 2779 refectorium,
1233 2702 1346 2766 ubi
1375 2701 1740 2785 prepositus
1776 2722 1921 2766 cum
1945 2701 2263 2766 universis
2288 2699 2717 2764 confratribus

468 2795 662 2872 atque
715 2787 1029 2853 militibus
1081 2789 1309 2853 sedens
1370 2787 1449 2853 de
1502 2786 1813 2852 electione
1867 2787 2209 2852 tractabat.
2316 2785 2393 2850 In
2445 2804 2720 2869 quorum

466 2876 793 2960 presentia
828 2895 941 2958 ego
979 2881 1158 2939 stans
1200 2872 1471 2939 multum
1506 2872 1682 2951 flevi,
1741 2872 2041 2937 turbatus
2078 2872 2303 2938 dolore
2338 2870 2718 2949 vehementi3

470 2966 534 3026 et
587 2962 881 3026 salutatis
935 2961 1228 3025 omnibus
1281 2958 1581 3024 sedebam
1644 2963 1733 3035 et,
1790 2957 1945 3042 quid
1998 2957 2079 3022 ab
2131 2958 2233 3024 his
2290 2952 2491 3045 [tunc]
2556 2961 2723 3022 esset

470 3046 874 3131 dispositum,
929 3039 1423 3128 interiogabam.
1515 3043 1614 3109 Ad
1666 3044 1820 3109 haec
1868 3044 2287 3109 Waltterdus:
2355 3041 2572 3120 ‘Misi‚’
2629 3041 2723 3104 in-

471 3133 651 3216 quid,
711 3133 1008 3215 ‘legatum
1055 3132 1313 3196 meimet
1365 3129 1449 3195 ad
1501 3151 1742 3214 regem,
1798 3131 1908 3212 qui
1960 3131 2120 3195 haec
2174 3130 2262 3211 ei,
2316 3148 2483 3213 quae
2535 3126 2723 3192 nobis

583 3288 638 3354 ²¹⁸)
677 3286 945 3358 Sigefrido
980 3303 1114 3342 nove
1149 3284 1369 3341 Corbeie
1404 3287 1561 3342 modo
1597 3287 1797 3342 abbate
1832 3289 1881 3340 2.

545 3375 640 3441 Μ)
678 3375 750 3430 Et
786 3372 880 3429 det
914 3376 1006 3429 tue
1041 3372 1373 3442 benignitati
1409 3372 1475 3427 ob
1503 3373 2049 3441 recompensationem
2076 3387 2254 3425 earum
2282 3371 2342 3424 in
2368 3368 2555 3424 celesti
2578 3367 2724 3447 Ieru-

675 3445 844 3498 salem
879 3444 1167 3511 premium,
1213 3441 1354 3512 quod
1388 3443 1502 3510 ipse
1546 3441 1655 3495 suis
1693 3441 2039 3495 dilectoribus
2082 3439 2356 3494 ineffabile
2391 3437 2725 3516 preparay1t3

676 3529 762 3566 me
790 3513 932 3566 enim
961 3511 1148 3566 amodo
1173 3511 1441 3565 viventem
1476 3528 1583 3564 non
1618 3527 1672 3563 es
1700 3510 1922 3572 visurus,
1959 3509 2085 3578 quia
2119 3508 2245 3572 iam,
2282 3510 2344 3563 ut
2378 3523 2545 3575 spem,
2581 3521 2725 3558 vlam

675 3582 918 3650 universe
963 3580 1136 3634 carnis
1179 3596 1296 3633 sum
1340 3581 1693 3648 ingressurus,
1770 3577 1905 3631 Vale
1950 3577 2137 3646 igitur,
2182 3576 2392 3632 domine
2437 3574 2725 3637 carissime,

677 3651 796 3704 vale
832 3649 889 3704 in
923 3649 1175 3702 Domino!
1229 3649 1358 3702 add.
1385 3652 1435 3702 2.

472 3788 518 3839 a)
553 3790 642 3878 inuit⁷
668 3789 728 3836 B3
757 3796 853 3826 meo
881 3787 931 3826 T.
1045 3785 1093 3835 b)
1131 3786 1146 3824 1
1174 3784 1275 3824 add.
1303 3785 1350 3823 Τ.
1473 3783 1513 3832 c)
1550 3793 1605 3822 ur
1629 3783 1677 3822 in
1704 3785 1791 3822 loco
1816 3793 1911 3821 raso
1936 3793 2017 3821 scr.
2042 3783 2091 3821 Τ.
2213 3779 2259 3831 d)
2294 3781 2342 3820 ln
2365 3781 2461 3830 lpse
2488 3790 2645 3820 canere
2678 3777 2731 3827 Β,

473 3851 580 3880 corr.
641 3866 654 3880 .

476 3959 528 4026 1)
569 3961 735 4024 Quem
771 3976 823 4012 a.
851 3960 986 4013 1009
1021 3958 1270 4012 abbatem
1307 3955 1552 4010 coenobii
1576 3955 1654 4009 St.
1679 3955 1949 4009 Iohannis
1974 3953 2470 4022 Maydeburqensis
2506 3954 2729 4008 electum

475 4045 588 4084 esse
625 4029 771 4082 Ana.
807 4027 1001 4094 Maqd.
1037 4026 1278 4081 tradunt.
1444 4024 1498 4089 2)
1556 4024 1709 4088 Quae
1744 4022 2138 4091 Zputinesburg
2187 4028 2238 4076 et
2270 4021 2637 4090 Zpuitneburg
2670 4021 2729 4076 in

473 4113 613 4166 pago
663 4095 888 4150 Nudzici
939 4101 1166 4149 vocatur
1217 4094 1276 4146 in
1331 4091 1547 4147 duabus
1601 4091 1807 4147 chartis
1858 4108 1968 4146 uno
2022 4092 2109 4144 die
2162 4092 2260 4145 961
2314 4092 2423 4144 Iul.
2468 4093 2535 4145 29
2582 4091 2731 4145 datia

474 4167 606 4228 (Do
632 4169 685 4230 I,
722 4167 820 4220 231
859 4171 910 4218 et
942 4165 1084 4229 232),
1123 4161 1471 4228 municipium
1507 4161 1738 4228 anitne
1774 4159 1977 4214 dictum
2012 4160 2070 4215 in
2104 4159 2358 4214 orientali
2390 4161 2545 4226 parte
2571 4159 2731 4214 Salae

477 4234 714 4290 fluminis
760 4234 926 4288 situm
960 4234 1022 4286 in
1066 4231 1174 4286 DO
1201 4233 1239 4284 Ι
1239 4271 1253 4296 ,
1299 4232 1404 4285 386
1449 4229 1577 4295 (970
1618 4231 1745 4284 Ian,
1782 4230 1891 4296 24),
1936 4227 2259 4296 Rodenburg
2292 4229 2351 4282 in
2398 4227 2542 4282 Gest.
2580 4228 2731 4282 arel».

481 4305 674 4372 Maqd.
713 4321 756 4358 c.
787 4303 869 4368 15,
901 4317 957 4369 p.
985 4302 1112 4361 394;
1149 4315 1296 4353 nunc
1331 4300 1643 4367 Rotenbury
1678 4300 1739 4352 in
1774 4299 1970 4354 dextra
2002 4299 2129 4364 ripa
2155 4297 2321 4350 Salac
2354 4297 2493 4351 inter
2528 4297 2733 4350 Wettim

478 4381 529 4429 et
565 4374 846 4428 Konnern.
984 4369 1038 4434 3)
1086 4369 1303 4423 Necrol.
1342 4369 1511 4423 Mers.
1547 4370 1677 4422 Iun.
1704 4367 1768 4421 9:
1806 4365 2013 4436 'fagino
2049 4364 2469 4432 archiepiscopus
2504 4363 2641 4418 obiit
2676 4367 2733 4418 et

480 4442 682 4510 Unger.
