3100 5050
432 384 534 438 152
1046 378 1451 435 ΤΗΙΕΤΜΑΒΙ
1484 378 1745 436 CHRON.
1815 380 1952 435 LIB.
1990 379 2083 435 VI.

245 548 381 603 1007
602 538 704 604 31.
801 533 1307 601 Consedentibus
1375 534 1613 599 ibidem
1684 533 1906 597 ordine
1974 532 2469 617 archiepiscopis
2532 556 2672 599 cum

193 634 327 687 (nov.
349 640 406 692 1).
433 622 730 686 omnibus
801 621 1033 686 suimet
1103 620 1563 704 suffraganeis⁸
1624 641 1739 684 rex
1800 618 2186 683 humotenus
2249 620 2675 703 prosternitur

433 713 497 772 et
540 728 580 771 a
623 707 936 789 Willigiso
981 708 1296 785 antistite,
1352 708 1417 770 in
1473 706 1656 771 cuius
1709 704 1947 769 diocesi
1998 704 2257 770 sinodus
2300 705 2673 785 habebatur,

432 793 712 858 elevatus
772 793 1052 857 ‘cunctis
1111 791 1518 877 presentibus
1584 791 1744 856 talia
1802 790 2057 856 fatur*:
2142 789 2259 854 ‘Ob
2312 812 2676 875 recompen-
2702 814 2836 866 *foa
2862 818 2960 857 ιιι.

432 878 749 943 sationem
806 879 1090 943 futuram
1143 876 1469 943 Christum
1525 876 1826 941 heredem
1885 876 2071 959 elegi,
2130 877 2284 959 quia
2336 878 2400 940 in
2459 878 2675 941 sobole

431 964 824 1047 acquirenda
883 965 1060 1029 nulla
1120 984 1264 1046 spes
1326 969 1616 1027 remanet
1676 961 1857 1040 mihi3
1924 968 2007 1041 et,
2078 962 2245 1045 quod
2303 964 2677 1046 precipuum

432 1050 657 1121 habui,
721 1071 821 1114 me
873 1051 1082 1133 ipsum
1135 1070 1278 1113 cum
1331 1050 1522 1113 modo
1581 1049 1913 1131 acquisitis
1974 1068 2085 1112 seu
2140 1047 2550 1130 adquirendis
2610 1050 2677 1112 in

431 1134 810 1201 sacrifitium
856 1136 1034 1199 Patri
1085 1135 1367 1217 ingenito
1420 1135 1550 1198 iam
1598 1134 1838 1198 dudum
1885 1143 2131 1198 secreto
2180 1134 2410 1199 mentis
2455 1134 2676 1217 optuli.

431 1222 888 1305 Episcopatum
960 1220 1028 1284 in
1095 1219 1544 1303 Bavanbergeb
1622 1241 1766 1284 cum
1833 1220 2103 1284 licencia
2171 1220 2485 1284 antistitis
2554 1219 2678 1284 mei

430 1306 643 1371 facere
688 1306 999 1371 hactenus
1044 1306 1376 1389 concupivi
1420 1312 1484 1369 et
1517 1304 1706 1369 hodie
1741 1306 1980 1369 iustum
2030 1306 2149 1369 hoc
2192 1304 2498 1385 perficere
2533 1305 2676 1370 volo

433 1392 839 1458 desiderium.
927 1390 1024 1456 Ob
1067 1390 1188 1455 hoc
1234 1391 1702 1455 serenissimam
1737 1391 2068 1455 vestrimet
2105 1391 2439 1474 interpello
2475 1391 2677 1473 pieta-

430 1484 588 1550 tem,
643 1500 723 1543 ne
777 1476 1075 1541 absencia
1129 1478 1292 1555 eiuS,
1347 1477 1458 1560 qui
1511 1476 1681 1561 apud
1736 1497 1837 1541 me
1880 1477 2080 1541 voluit
2132 1475 2445 1555 obtinere,
2505 1475 2679 1560 quod

430 1564 589 1628 mihi
632 1584 760 1628 non
807 1564 990 1626 licuit
1041 1562 1188 1627 huic
1242 1562 1605 1641 concedere,
1662 1562 2058 1645 propositum
2104 1562 2449 1627 voluntatis
2502 1584 2678 1627 meae

431 1656 626 1733 queat
676 1649 1009 1729 impedire,
1064 1669 1206 1712 cum
1259 1649 1325 1712 in
1377 1648 1611 1713 baculo
1664 1649 1802 1712 eius
1856 1655 2118 1712 mutuae
2169 1647 2678 1712 confirmacionis

429 1736 610 1817 signo
663 1735 995 1811 clarescat,
1049 1734 1218 1797 hunc
1271 1755 1397 1799 non
1449 1740 1714 1818 propter
1766 1734 1992 1811 Deum,
2048 1734 2160 1798 sed
2212 1732 2292 1796 ob
2345 1733 2677 1816 dignitatis

427 1821 793 1885 nullatenus
861 1819 1310 1903 adipiscendae
1379 1820 1664 1885 dolorem
1724 1820 1984 1903 fugisse.
2089 1820 2340 1883 Moveat
2398 1820 2676 1883 omnium

432 1906 626 1971 corda
659 1905 1070 1989 presentium,
1117 1906 1284 1989 quod
1327 1927 1444 1989 per
1479 1906 1893 1970 ambitionem
1942 1926 2125 1969 suam
2160 1911 2421 1969 sanctae
2458 1906 2681 1969 matris

431 1992 779 2056 aecclesiae
853 1999 1262 2073 augmentum
1333 1992 1626 2056 anullare
1709 2012 1851 2056 cum
1922 1991 2291 2074 nuigerula<=
2359 1992 2678 2073 legatione

429 2079 760 2160 presumit.
859 2078 957 2140 Ad
1011 2077 1170 2141 haec
1222 2076 1494 2141 firmiter
1556 2078 2004 2142 constituenda
2066 2077 2439 2141 contectalis
2499 2098 2679 2141 meae

427 2164 746 2248 presentis
791 2168 857 2226 et
898 2162 1071 2226 unici
1115 2162 1335 2227 fratris
1395 2171 1456 2227 et
1502 2162 1829 2227 coheredis
1872 2162 2041 2225 meil
2084 2162 2265 2244 larga
2317 2161 2679 2245 benignitas

430 2250 737 2331 asspirat,
792 2253 856 2311 et
909 2246 1031 2311 sibi
1081 2248 1362 2331 placita‘it
1406 2247 1868 2332 adimplecione
1913 2247 2038 2311 hiis
2082 2270 2183 2314 me
2228 2248 2451 2313 eadem
2492 2249 2680 2312 resti-

429 2342 611 2399 tuere
663 2340 934 2416 uterque
976 2353 1094 2416 pro
1149 2340 1323 2397 certo
1369 2334 1550 2400 sciat.
1668 2334 1736 2399 Si
1782 2333 2037 2417 quando
2082 2340 2295 2398 autem
2342 2336 2679 2415 episcopus

429 2421 644 2484 venire
690 2428 754 2485 et
795 2422 1112 2503 promissa
1157 2419 1459 2501 dignatur
1497 2420 1841 2503 suscipere,
1886 2426 2181 2503 paratum
2220 2440 2319 2483 me
2357 2420 2438 2483 ad
2476 2440 2677 2497 omne,

431 2506 598 2590 quod
643 2505 824 2570 vobis
868 2504 1099 2570 bonum
1146 2504 1413 2584 videtur,
1459 2506 1683 2589 procul
1727 2504 1922 2570 dubio
1968 2506 2285 2571 inveniet.’

600 2593 701 2659 32.
739 2591 970 2656 Finitis
1001 2591 1240 2656 talibus
1269 2592 1587 2675 alloquiis,
1616 2593 2000 2676 Beringerus
2029 2592 2337 2656 antistitis
2358 2590 2679 2655 *Heinrici
2706 2611 2729 2634 *
2748 2613 2839 2663 soz.
2862 2615 2975 2656 112‘.

427 2677 797 2760 capellanus
849 2679 1154 2756 surrexit,
1227 2685 1489 2762 propter
1548 2679 1841 2743 timorem
1906 2679 2071 2760 regis
2126 2679 2439 2742 seniorem
2492 2698 2679 2741 suum

428 2762 555 2827 huc
600 2783 724 2827 non
772 2765 1018 2828 venisse
1071 2771 1135 2828 et
1178 2763 1630 2828 detrimentum
1687 2765 2037 2828 aecclesiae
2082 2763 2205 2827 sibi
2248 2784 2289 2827 a
2325 2762 2463 2826 Deo
2509 2783 2679 2827 com-

428 2850 663 2914 missae
689 2850 755 2913 in
785 2849 1001 2932 aliquo
1029 2848 1172 2914 fieri
1198 2870 1544 2932 numquam
1583 2848 1879 2914 laudasse
1915 2854 2242 2926 testatusss,
2286 2855 2351 2912 et
2384 2848 2678 2912 obsecrat

427 2943 690 3000 cunctos
733 2941 1064 3017 presentes
1107 2956 1222 3018 per
1269 2933 1507 2998 Christi
1554 2955 1855 3012 amorem,
1907 2956 1985 2999 ne
2029 2934 2189 2999 talia
2230 2934 2371 2999 fieri
2414 2934 2677 2998 absente

429 3041 502 3085 eo
547 3021 837 3086 futurum
885 3019 1008 3084 sibi
1044 3021 1109 3083 in
1146 3021 1503 3102 exemplum
1542 3027 1930 3104 paterentur.
2017 3021 2356 3103 Privilegia
2391 3020 2677 3084 eiusdem

427 3105 519 3170 ibi
577 3107 711 3170 alta
767 3127 916 3170 voce
984 3107 1358 3171 recitantur.
1462 3106 1643 3170 Inter
1699 3107 1861 3171 haec
1918 3107 2208 3191 quociesf
2254 3127 2367 3170 rex
2419 3107 2676 3169 anxiam

425 3192 711 3256 iudicum
801 3192 1178 3256 sententiam
1268 3199 1496 3256 nutare
1582 3193 1936 3276 prospexit,
2040 3194 2229 3256 toties
2313 3199 2675 3275 prostratus

426 3278 822 3343 humiliatur.
911 3276 1194 3340 Tandem
1242 3277 1753 3342 archiantistiteg
1804 3279 2137 3360 willigiso,
2192 3277 2384 3361 quidh
2428 3277 2507 3342 de
2550 3277 2675 3341 hiis

425 3363 790 3427 faciendum
819 3361 1000 3441 foret,
1033 3363 1268 3427 iudicio
1296 3365 1729 3446 perscrutanti
1764 3365 2006 3447 Tagino
2045 3365 2293 3447 primus
2328 3363 2673 3447 respondit,

428 3449 587 3514 haec
654 3449 833 3513 tunci
891 3448 1236 3512 secundum
1300 3451 1471 3532 regis
1534 3450 1854 3534 eloquium
1917 3449 2212 3531 legaliter
2270 3448 2410 3513 fieri
2470 3469 2672 3530 posse.

427 3535 690 3600 Cunctis
760 3535 1166 3616 presentibus
1235 3535 1374 3600 eius
1444 3557 1798 3600 sermonem
1863 3543 2018 3598 tunc
2078 3533 2549 3598 affirmantibus
2609 3539 2675 3598 et

539 3689 596 3757 *)
636 3689 765 3744 Cod.
801 3692 833 3744 2
879 3697 930 3744 et
975 3691 1048 3744 A.
1082 3690 1140 3745 S.
1183 3691 1285 3744 hoc
1317 3692 1597 3744 exordium
1640 3690 1877 3745 sermoni
1912 3691 2301 3756 prae-mittunt.-
2358 3689 2574 3744 Domini
2618 3693 2675 3743 et

629 3761 808 3826 patres
855 3758 1089 3827 gloriosi,
1137 3775 1168 3812 a
1211 3775 1332 3812 mea
1374 3759 1643 3825 parvitate
1688 3758 1789 3812 huc
1826 3758 1983 3812 asciti
2018 3757 2175 3812 hodie
2212 3760 2556 3826 convenistis;
2601 3761 2671 3822 et,

631 3827 972 3896 quamobrem
1007 3843 1096 3881 vos
1134 3827 1424 3890 asciverim,
1469 3828 1663 3881 vestris
1701 3826 1916 3880 auribus
1962 3828 2199 3894 aperiam
2244 3844 2529 3897 precorque
2564 3844 2671 3881 om-

630 3897 778 3949 nium
805 3899 1040 3950 vestrum
1071 3895 1427 3958 clementiam,
1464 3898 1527 3949 ut
1554 3895 1611 3949 in
1637 3895 1739 3958 his,
1768 3913 1885 3965 que,
1914 3913 2082 3964 spero,
2119 3897 2254 3950 mihi
2282 3896 2465 3950 divina
2492 3896 2671 3965 gratia

630 3965 930 4033 inspiravit,
993 3979 1170 4018 amore
1231 3962 1435 4018 Christi
1495 3964 1818 4019 inflammati
1868 3964 2111 4019 faveatiS.
2201 3963 2341 4029 Quia
2389 3966 2446 4019 in
2494 3965 2671 4019 sobole

631 4033 952 4102 acquirenda
987 4033 1138 4086 nulla
1171 4031 1307 4085 mihi
1341 4049 1460 4100 spes
1496 4036 1753 4087 remanet.

421 4149 466 4202 a)
507 4151 824 4192 suffraneaneis
850 4154 902 4202 B,
931 4151 1082 4192 deinde
1103 4152 1228 4202 princ
1253 4160 1309 4190 ne
1334 4163 1496 4191 erasum
1521 4155 1561 4191 1.
1694 4151 1740 4202 b)
1784 4161 1809 4190 e
1834 4162 1998 4190 erasum
2025 4155 2065 4192 1.
2194 4149 2235 4202 c)
2278 4153 2305 4192 i.
2326 4163 2363 4191 e.
2392 4153 2669 4202 nugigerula

423 4203 482 4252 cs.
511 4205 546 4250 1,
576 4205 620 4243 6.
743 4203 786 4253 d)
819 4205 980 4252 placito
1006 4205 1062 4242 Β.
1183 4207 1223 4249 e)
1257 4205 1398 4242 tostus
1425 4205 1478 4254 B,
1505 4215 1615 4242 corr.
1638 4205 1687 4243 T.
1808 4203 1845 4252 f)
1879 4204 2087 4252 quociens
2112 4204 2164 4252 B,
2191 4212 2219 4240 n
2242 4206 2401 4252 puncto
2426 4204 2602 4243 deletum
2627 4206 2669 4242 1.

423 4256 469 4304 g)
496 4255 758 4294 architistite
781 4257 821 4294 1.
943 4255 993 4305 h)
1027 4253 1085 4302 qd
1110 4257 1149 4294 1.
1271 4254 1304 4305 i)
1339 4257 1401 4294 ita
1428 4257 1473 4294 in
1500 4257 1587 4294 loco
1612 4267 1709 4294 raso
1738 4255 1783 4304 T,
1809 4255 1918 4294 haec
1944 4257 2049 4292 tunc
2074 4254 2191 4293 iusta
2215 4254 2421 4294 voluntas
2450 4257 2493 4294 et
2516 4255 2669 4304 petitio

424 4307 542 4354 regis
569 4317 784 4346 consensu
811 4306 1002 4346 omnium
1030 4310 1225 4346 vestrum
1252 4307 1455 4354 legaliter
1479 4310 1629 4356 potest
1656 4306 1830 4357 impleri
1854 4308 1895 4357 2,
1921 4306 1973 4345 Δ.
1994 4305 2039 4344 S.

425 4408 477 4475 1)
513 4411 800 4464 Brunom's
834 4410 1073 4476 episcopi
1106 4410 1427 4477 Auyustani
1462 4411 1821 4466 1006—1029.
