3100 5050
896 412 1301 469 'I'HIETMARI
1337 411 1602 470 CHRON.
1668 412 1808 468 LIB.
1845 412 1981 469 VIII
2017 413 2184 478 (VII).
2561 413 2663 468 229

410 566 624 634 voraci
678 566 939 634 flamma
994 567 1406 650 consumpsit.
1507 567 1594 632 Et
1647 587 1794 634 cum
1849 565 1981 631 tale
2036 565 2390 651 periculum
2443 585 2663 630 omnes
2700 577 2834 632 1017

412 653 769 732 evaderent,
798 674 998 721 unum
1016 674 1093 718 ex
1112 653 1236 717 hiis
1255 673 1452 720 causa
1468 651 1935 718 sacerdotalem
1953 652 2266 736 eripiendi
2282 657 2664 737 apparatum
2691 644 2780 684 ¹¹¹¹·
2807 646 2874 685 ²¹·

412 739 625 804 subito
662 760 1024 823 regressum
1061 747 1125 803 et
1159 738 1227 802 in
1262 737 1474 804 medio
1502 738 1668 822 ignis
1691 744 1960 822 peccata
1996 738 2228 803 suimet
2257 736 2662 804 confitentem

409 825 848 909 perdiderunt.
894 824 1103 890 Huius
1132 845 1366 890 nomen
1393 831 1533 890 erat
1551 822 1880 892 Hemico⁸.
1925 823 2173 890 Dehinc
2199 823 2664 892 monasterium

410 911 493 976 ab
538 910 827 978 eiusdem
870 910 995 976 loci
1035 908 1273 976 abbate
1308 908 1614 994 Sigifrido
1651 908 1804 975 VIII
1847 929 2052 977 annos
2095 910 2334 992 optime
2374 907 2665 974 elabora-

408 1003 547 1062 tum
563 997 588 1042 ¹
626 997 859 1063 ardens
893 996 1285 1078 presentium
1319 1002 1672 1079 posteaque
1705 994 2179 1062 advenientium
2214 993 2412 1060 corda
2444 993 2664 1060 turba—

410 1084 522 1150 vit.
588 1083 859 1167 Insuper
892 1081 1057 1148 duas
1092 1079 1464 1169 [eiusdem]¹’
1500 1079 1781 1166 capellas
1816 1101 1960 1146 cum
1992 1080 2331 1148 refectorio
2359 1080 2664 1146 caeteris-

408 1190 534 1252 que
584 1167 1046 1234 adherentibus
1098 1166 1377 1234 officinis
1429 1168 1596 1250 ignis
1647 1166 1782 1232 late
1832 1164 2114 1250 flagrans
2165 1165 2522 1246 absorbuit3
2585 1165 2664 1229 de

408 1255 595 1320 cuius
645 1254 857 1320 avaris
910 1252 1205 1320 faucibus
1256 1253 1473 1318 divina
1523 1253 1732 1336 pietas
1783 1258 1850 1317 et
1901 1250 2353 1318 confluentium
2415 1271 2666 1316 summa

410 1339 663 1405 devotio
727 1359 948 1406 omnes
1008 1345 1375 1404 sanctorum
1437 1339 1750 1422 reliquias
1807 1343 1873 1404 et
1935 1339 2282 1404 maximam
2341 1337 2666 1418 thesauri,e

405 1431 658 1510 partem
714 1425 969 1508 eripuit.
1065 1425 1260 1492 Facto
1304 1429 1526 1490 autem
1569 1445 1758 1491 mane
1811 1422 1991 1489 urbis
2033 1423 2362 1506 predictae
2407 1421 2665 1488 habita·
2693 1439 2782 1479 1u1·
2810 1441 2875 1480 22-

406 1519 581 1576 tores
590 1511 636 1589 ἃ,
691 1517 758 1576 et
802 1511 913 1596 qui
956 1509 1196 1576 ibidem
1239 1509 1525 1593 presidio
1570 1508 1654 1575 ab
1697 1511 2082 1593 imperatore
2133 1509 2342 1575 relicti
2386 1508 2676 1588 fuerant„

123 1617 145 1640 =··
167 1617 255 1666 sor.
275 1617 379 1658 168‘.
408 1597 808 1675 conveniunt,
855 1595 1339 1662 *detrimentum
1380 1596 1512 1661 tale
1547 1595 1746 1662 nimio
1786 1615 2034 1660 merore
2071 1595 2426 1678 conquesti.
2512 1593 2664 1678 Cor—

406 1682 585 1766 poris
624 1688 840 1748 autem
873 1682 1124 1767 perusti
1157 1689 1385 1746 tenues
1417 1680 1673 1746 favillas
1707 1701 1896 1746 mane
1931 1680 2290 1746 confratres
2326 1700 2664 1764 sumopere

407 1768 785 1850 colligentes
844 1769 981 1834 suis
1044 1779 1434 1852 apposuere⁰
1498 1766 2084 1851 predecessoribus3
2147 1765 2496 1848 abbatique
2548 1786 2664 1831 suo

406 1862 561 1919 tunc
605 1853 861 1920 absenti
912 1873 1030 1936 per
1073 1853 1572 1917 internuntium*
1613 1853 1846 1918 suimet
1886 1861 2184 1926 eventum
2233 1851 2664 1920 miserabilem

405 1940 711 2006 indixere.
784 1939 909 2017 Qui
936 1945 1009 2004 ut
1045 1937 1205 2003 haec
1242 1938 1576 2022 comperit,
1612 1938 1747 2003 suis
1781 1936 2147 2026 specialiter
2179 1937 2494 2004 accidisse
2520 1959 2665 2021 pec-

406 2026 568 2091 catis
586 2044 999 2108 cognoscens,
1017 2025 1172 2107 quia
1192 2023 1531 2088 emendare
1549 2024 1853 2107 nequivit,
1875 2023 2144 2090 honesta
2159 2025 2478 2108 gravitate
2495 2023 2663 2088 tulit.

576 2114 677 2178 59.
746 2111 911 2196 (44.)
991 2110 1163 2174 Dum
1214 2108 1374 2174 haec
1425 2116 1730 2193 aguntur,
1804 2110 2042 2176 Miseco
2123 2109 2434 2176 Bolizlavi
2493 2107 2663 2174 filius

406 2196 738 2262 Boemiam
764 2195 1068 2262 absencia
1088 2194 1401 2260 Othelrici
1426 2195 1612 2260 ducis
1638 2195 1740 2260 sui
1755 2196 1969 2260 minus
1995 2193 2185 2260 solito
2204 2201 2662 2279 repugnantem

407 2302 553 2346 cum
596 2281 655 2347 X
711 2281 1073 2365 legionibus
1128 2280 1435 2346 invadens
1497 2281 1659 2348 duos
1719 2281 1856 2348 dies
1911 2280 2220 2363 predatur
2271 2280 2538 2346 eandem
2601 2287 2664 2345 et

406 2387 553 2432 cum
592 2366 1064 2433 innumerabili
1118 2368 1513 2452 captivorum
1564 2366 2016 2432 multitudine¹3
2067 2387 2360 2432 reversus
2411 2372 2660 2449 patrem

404 2452 659 2537 gaudiis
701 2453 973 2539 replevit
1016 2453 1341 2518 inmensis.
1442 2453 1643 2518 Cesar
1686 2473 1836 2517 vero
1881 2471 2027 2518 cum
2070 2452 2392 2518 excercitu
2439 2457 2554 2516 s'uo
2599 2459 2663 2516 et

402 2540 807 2607 Boemiorum
852 2545 1051 2625 atque
1084 2540 1511 2606 Linticiorum
1557 2538 1870 2604 comitatu
1913 2538 2208 2605 inmenso
2243 2537 2424 2604 obvia
2467 2558 2661 2623 quae·

402 2648 530 2712 que
572 2626 915 2694 devastans
964 2626 1035 2693 V.
1065 2624 1161 2692 Id.
1193 2625 1353 2707 Aug.
1389 2624 1477 2691 ad
1512 2623 1738 2689 urbem
1777 2622 2112 2708 Gloguam,
2159 2623 2270 2689 ubi
2302 2622 2662 2697 Bolizlavus
2690 2642 2806 2693 Aug.
2826 2645 2866 2683 9.

404 2732 551 2778 cum
602 2713 739 2779 suis
802 2710 961 2800 [eos]
1011 2711 1435 2795 prestolatur,
1489 2710 1804 2776 sollicitus
1859 2710 2033 2778 venit
2091 2717 2158 2775 et
2209 2721 2659 2794 provocantem

401 2799 574 2863 inter
616 2798 985 2882 sagittarios
1028 2796 1360 2863 latitantes
1402 2796 1654 2864 hostem
1689 2801 1942 2863 nostros
1976 2797 2280 2881 persequi
2311 2792 2658 2879 prohibuit.

401 2882 559 2948 Inde
619 2883 859 2949 electas
918 2882 1001 2949 ab
1062 2884 1388 2949 excercitu
1447 2882 1700 2948 validoh
1761 2880 1890 2947 XII
1946 2881 2230 2965 legiones
2289 2880 2376 2947 ad
2435 2879 2660 2947 urbem

403 2968 645 3047 Nemzi‚
681 2967 780 3057 [eo
796 2966 824 3013 ²
851 2967 1025 3052 quod
1051 2989 1093 3032 a
1118 2966 1401 3033 nostris3
1430 2968 1582 3033 olim
1611 2968 1700 3032 sit
1731 2964 2036 3057 condita‚]
2071 2967 2308 3033 dictam
2345 2966 2659 3050 premisit,

404 3073 569 3137 quae
627 3052 1108 3120 habitatoribus
1166 3053 1295 3119 hiis
1353 3062 1696 3119 venturum
1754 3060 2259 3137 preoccuparent
2325 3052 2658 3117 auxilium.

404 3138 650 3216 Quibus
692 3146 907 3207 castra
960 3141 1219 3205 metatis
1277 3140 1493 3205 hostes
1536 3139 1885 3206 adventare
1927 3159 2150 3205 rumor
2190 3136 2448 3217 indixit3
2494 3144 2558 3203 et
2592 3139 2659 3202 in

404 3233 593 3291 nocte
642 3224 983 3292 tenebrosa
1033 3246 1110 3291 ac
1162 3226 1228 3290 in
1566 3224 1868 3290 imbrium
1922 3224 2229 3291 effusione
2282 3223 2400 3289 hos
2442 3223 2658 3289 ledere

402 3332 808 3397 nequaquam
850 3312 1161 3389 valentes,
1222 3246 1537 3395 quosdam
1581 3309 1946 3395 effugarunt
1996 3308 2464 3394 nonnullosque
2508 3309 2660 3375 civi-

138 3417 161 3441 *
186 3428 302 3457 man.
324 3416 375 3456 Τ.
402 3403 605 3463 tatem
658 3400 907 3464 intrare
959 3397 1176 3463 ¹'inviti
1226 3395 1668 3482 paciebantur.
1764 3396 1988 3463 Posita
2038 3403 2136 3462 est
2186 3403 2404 3465 autem
2453 3391 2657 3484 [haec]

400 3483 467 3549 in
509 3504 677 3568 pago
720 3483 972 3564 Silensi,
1016 3481 1327 3549 vocabulo
1370 3484 1492 3549 hoc
1536 3503 1580 3547 a
1615 3481 1900 3568 quodam
1933 3489 2149 3549 monte
2182 3480 2374 3549 nimis
2408 3480 2657 3547 excelso
2735 3551 2740 3557 ,

138 3572 159 3593 *
177 3572 264 3622 sa.
282 3572 371 3664 ¹⁶⁹3
400 3576 465 3635 et
506 3569 739 3654 grandi
780 3570 933 3635 olim
980 3568 1148 3658 [sibi]
1195 3568 1470 3649 indito43
1520 3568 1622 3635 *et
1663 3568 1769 3633 hic
1811 3567 1894 3635 ob
1939 3567 2318 3651 qualitatem
2367 3587 2549 3633 suam
2595 3574 2660 3635 et

403 3724 446 3774 a)
473 3724 686 3765 benmnco
704 3724 762 3764 D.
866 3721 913 3775 b)
937 3724 985 3763 in
1012 3724 1101 3764 1000
1126 3734 1257 3764 vacuo
1282 3723 1386 3764 add.
1408 3726 1457 3764 T.
1557 3722 1600 3775 c)
1626 3722 1798 3763 tesauri
1823 3723 1887 3772 ὓς
1914 3698 2109 3762 teshaurl
2139 3723 2190 3764 Τ.
2293 3718 2339 3772 d)
2365 3721 2586 3761 habitores
2606 3720 2658 3763 D,

406 3788 515 3817 corr.
534 3777 585 3816 Τ.
708 3775 751 3824 e)
788 3784 975 3825 apsuere
1000 3777 1040 3815 1.
1159 3776 1199 3823 f)
1234 3784 1313 3826 per
1338 3777 1382 3815 in
1408 3776 1612 3815 nuntium
1637 3777 1679 3817 1.
1809 3777 1858 3824 g)
1893 3774 2142 3815 mmtudlne
2170 3777 2210 3814 1.
2339 3773 2390 3825 h)
2424 3772 2577 3813 valida
2599 3772 2657 3810 D.

403 3898 453 3963 1)
493 3898 671 3953 Haud
705 3897 819 3953 scio
845 3913 919 3951 an
954 3912 1021 3951 σω
1054 3896 1293 3951 hocloco
1322 3898 1466 3951 Ann.
1493 3896 1691 3964 Mayd.
1728 3893 2051 3961 Siyifridum
2081 3913 2131 3949 α.
2161 3895 2311 3949 1009.
2347 3893 2656 3947 ordinatum

400 3980 514 4021 esse
568 3973 763 4022 temere
820 3965 1193 4020 concluserint.
1330 3964 1383 4029 2)
1448 3964 1739 4032 Nimptsch
1798 3965 1956 4017 iuoeta
2006 3962 2234 4030 fluvium
2285 3961 2435 4016 Lohe
2449 4001 2464 4027 ‚
2517 3961 2660 4015 inter

401 4035 779 4091 Reichenbach
812 4039 865 4088 et
900 4033 1096 4089 ohlau.
1166 4034 1235 4088 L.
1374 4035 1431 4100 3)
1469 4034 1589 4089 νοω
1623 4032 1826 4087 niemez
1863 4031 2110 4095 (niemiec
2137 4032 2269 4100 pol„
2304 4026 2486 4084 nemec
2522 4030 2657 4092 boh„

400 4103 544 4157 nimz
577 4102 779 4169 sarab.)
826 4102 1009 4158 Slavis
1041 4106 1121 4157 est
1154 4106 1339 4157 murus
1379 4103 1493 4157 sive
1528 4102 1880 4170 pereyrinus,
1923 4101 2021 4169 qui
2050 4114 2235 4155 eorum
2270 4100 2514 4166 linquam
2548 4114 2656 4151 non

312 4192 319 4200 ·
398 4172 673 4240 intelligia·
708 4172 931 4241 ideoque
950 4171 1271 4241 praesertim
1311 4171 1653 4225 Teutonicus.
1706 4170 1774 4224 L.
1912 4170 1966 4235 4)
1995 4170 2082 4223 Eo
2108 4169 2327 4233 scilicet,
2353 4168 2450 4235 qui
2465 4173 2658 4235 postea

401 4258 437 4291 a
463 4240 581 4294 vico
609 4241 811 4296 Zobten
834 4256 1031 4295 nomen
1055 4254 1183 4294 acce
1236 4240 1295 4305 ἰς
1339 4238 1499 4293 Zlenc
1534 4244 1585 4293 et
1619 4237 1777 4292 Zlenz
1811 4237 2016 4293 dicitur
2049 4238 2110 4291 in
2145 4237 2436 4305 diplomate
2473 4236 2657 4291 Boleo-

402 4308 515 4361 lavi
536 4310 622 4363 II.
656 4316 709 4365 et
734 4308 985 4364 Heu‘rm'ci
1008 4308 1127 4363 ΠΙ.
1200 4324 1365 4365 acum
1394 4309 1529 4363 1247
1555 4308 1692 4363 Dec.
1719 4309 1789 4362 28
1815 4307 1944 4362 dato
1978 4306 2324 4387 (Tzachoppe-
2349 4311 2401 4360 et
2426 4304 2656 4371 Stenzel,

402 4373 879 4433 ‘Schlea-lausite.
914 4376 1537 4483 Urkundemammlunffq'
1561 4392 1621 4443 p.
1648 4374 1965 4441 310—311),
2001 4390 2149 4429 mons
2179 4372 2399 4429 suentii
2424 4374 2483 4429 in·
2511 4374 2659 4429 bulla

402 4445 645 4511 Euyenii
681 4447 802 4499 ΙΙΙ.
851 4447 986 4501 1148
1022 4445 1137 4501 Oct.
1166 4446 1231 4499 19
1265 4445 1435 4513 (Iaffd
1501 4447 1590 4512 II,
1626 4444 1800 4511 2998.)
2637 4492 2647 4504 .,
