3100 5050
1195 1133 1967 1281 PRAEFATIO.
2063 1070 2068 1075 ⁵

630 1457 977 1554 stietmari
1028 1491 1389 1572 chronicon,
1442 1491 1604 1576 quod
1646 1489 1700 1555 b.
1739 1514 1817 1557 m.
1870 1489 2014 1556 Joh.
2062 1491 2258 1560 Mart.
2304 1491 2715 1579 Lappenberq

448 1597 504 1660 L
560 1598 748 1661 annis
807 1607 950 1662 ante
1007 1599 1076 1660 in
1125 1597 1517 1682 Scriptorum
1571 1607 1733 1660 tomo
1776 1597 1901 1661 III.
1957 1598 2187 1676 edidit,
2244 1599 2315 1662 in
2366 1599 2715 1664 collectione

444 1702 818 1785 scriptorum
864 1701 1207 1785 separatim
1249 1684 1809 1785 impoimenolorum
1854 1700 2054 1764 denuo
2097 1701 2377 1766 editurus
2420 1701 2715 1766 illustris-

442 1803 666 1866 simum
708 1802 894 1866 illum
937 1804 1144 1866 virum
1189 1804 1259 1866 in
1304 1803 1565 1866 consilio
1609 1811 1791 1885 atque
1844 1803 2089 1867 ratione
2142 1804 2348 1888 operis
2389 1803 2585 1888 plane
2630 1828 2713 1868 se-

441 1915 616 1969 cutus
660 1927 822 1981 sum,
880 1906 1056 1968 cuius
1107 1915 1164 1969 et
1216 1914 1601 1989 apparatum
1650 1904 1939 1968 criticum
1981 1906 2057 1969 de
2108 1906 2350 1991 inteqro
2402 1929 2715 1970 recensum

440 2018 674 2085 tamen,
727 2007 935 2092 quoad
977 2008 1113 2071 eius
1137 2007 1294 2090 fieri
1338 2009 1571 2092 potuit,
1623 2008 1712 2071 ad
1754 2009 2005 2072 verbum
2057 2009 2292 2072 retinui
2344 2020 2401 2073 et
2452 2010 2714 2074 adnota-

440 2110 635 2173 tiones
649 2109 994 2193 permultas
1012 2110 1250 2194 repetii.
1293 2109 1486 2174 Locos
1503 2112 1899 2196 antiquorum
1919 2113 2314 2195 scriptorum,
2342 2134 2493 2197 quos
2518 2113 2716 2176 Thiet-

443 2234 658 2275 marus
701 2211 986 2276 imitatus
1033 2222 1138 2292 est,
1184 2212 1254 2276 in
1297 2214 1585 2296 marqine
1628 2213 1947 2297 appositos
1988 2214 2049 2277 ei
2092 2236 2296 2278 omnes
2324 2213 2471 2299 fere
2515 2215 2713 2279 debeo.

441 2315 657 2378 Etiam
709 2314 1172 2398 praefationem
1217 2316 1349 2378 eius
1401 2314 1803 2379 libentissime
1857 2337 2045 2398 quam
2089 2316 2372 2380 maxima
2416 2339 2495 2380 ex
2529 2328 2715 2402 parte

441 2420 750 2503 inteqram
785 2419 1169 2502 recepissem,
1213 2419 1345 2481 nisi
1385 2418 1455 2480 in
1492 2418 1609 2480 hac
1646 2417 1790 2500 ipsa
1831 2416 2115 2500 plurima
2150 2419 2524 2503 corriqenda
2558 2419 2715 2482 mihi

425 2519 722 2605 ficissent.
795 2521 1128 2584 Rationem
1164 2532 1370 2585 tamen
1406 2531 1462 2585 et
1498 2519 1781 2583 ordinem
1820 2519 2075 2584 eundem
2110 2543 2357 2585 ser-vare
2395 2521 2561 2602 libet,
2597 2545 2714 2607 quo

425 2622 732 2707 facilius,
785 2622 938 2707 quid
989 2622 1058 2685 in
1103 2645 1339 2708 quaque
1382 2645 1452 2687 re
1495 2624 1643 2687 novi
1686 2623 2023 2687 adiecerim
2036 2672 2051 2701 ‚
2113 2624 2327 2689 lectori
2365 2625 2715 2709 perspicere

445 2725 648 2791 liceat.

619 2828 1014 2892 Thietmarus
1055 2838 1307 2912 patrem
1360 2827 1577 2891 habuit
1624 2827 2016 2913 Siqifridum
2061 2829 2338 2892 comitem
2358 2829 2399 2905 ¹,
2455 2839 2714 2892 matrem

446 2930 887 3016 Ouniqundam
901 2929 948 2993 ².
1023 2932 1189 2995 Avos
1216 2931 1350 3015 ipse
1377 2930 1661 3015 appellat
1683 2928 2131 2993 Liutharium3
2149 2932 2515 2995 monasterii
2548 2930 2714 2994 Wal-

437 3033 737 3098 beccensis
767 3032 1227 3118 fundatorem4
1271 3043 1328 3096 et
1363 3032 1737 3096 Heinricum
1776 3033 2051 3097 comitem
2070 3032 2114 3096 5.
2189 3032 2257 3095 E
2285 3034 2503 3117 quibus
2542 3032 2712 3097 Liut-

437 3136 686 3199 harium
726 3134 1063 3219 Siqifridi,
1100 3133 1466 3199 Heinricum
1503 3134 1912 3220 Cuniqtmdae
1943 3145 2190 3220 patrem
2210 3136 2421 3219 fuisse
2448 3136 2540 3201 vel
2569 3136 2712 3199 inde

438 3247 726 3323 apparet,
754 3236 916 3322 quod
937 3246 1170 3321 patruo
1207 3236 1558 3301 Tkietmari
1582 3258 1801 3300 nomen
1833 3236 2164 3325 Liietltario
2174 3236 2227 3314 15,
2264 3238 2713 3302 avunculorum

441 3341 553 3403 uni
597 3337 942 3403 Heinrico⁷
984 3339 1164 3423 fuit,·
1203 3349 1531 3424 praeterea
1577 3348 1779 3403 autem
1847 3339 2237 3403 Uzietmarus
2286 3342 2501 3424 patris
2545 3339 2713 3426 Siqi-

425 3442 612 3527 fridi
635 3451 896 3505 matrem
921 3439 1382 3505 Mahthildemss
1402 3441 1615 3526 fuisse
1650 3451 1896 3517 narrat,
1936 3464 2121 3525 quam
2160 3442 2291 3506 alio
2329 3440 2503 3507 Ζοοο9
2540 3443 2714 3506 Liut-

438 3545 614 3607 harii
654 3565 913 3607 uxorem
957 3544 1129 3607 dicit.
1246 3544 1534 3609 Alteram
1588 3544 1787 3629 iyitur
1839 3544 2191 3607 Thietmari
2233 3546 2475 3623 aviam,
2528 3568 2714 3629 quam

439 3647 764 3709 Iuthittam
826 3646 984 3709 dicit
1002 3644 1088 3722 ¹⁰,
1146 3646 1441 3711 Heinrici
1487 3647 1730 3711 comitis
1780 3669 2035 3712 uxorem
2077 3647 2287 3732 fuisse
2332 3671 2563 3713 necesse
2606 3659 2710 3713 est.

439 3836 492 3901 1)
530 3836 614 3898 II,
651 3836 734 3889 29.
772 3842 822 3889 et
856 3836 969 3899 IV,
1009 3838 1104 3889 11:
1141 3838 1298 3903 pater
1332 3852 1482 3889 meus
1519 3851 1694 3890 comes
1725 3835 2034 3904 SigifriduS.
2173 3836 2226 3901 2)
2264 3838 2373 3902 IV,
2401 3838 2498 3893 38.-
2536 3840 2713 3892 mater

438 3936 559 3974 mea
577 3916 863 3988 Cunigund
882 3920 1109 3974 nomine.
1215 3922 1270 3986 3)
1301 3920 1385 3985 II,
1407 3922 1498 3976 21:
1527 3920 1706 3975 Avum
1728 3924 1907 3975 autem
1930 3938 2105 3975 meum
2125 3922 2337 3977 nomine
2352 3922 2711 3977 Lintharium.

435 4005 490 4072 4)
528 4004 684 4073 Gonf.
733 4006 826 4072 VI,
863 4006 948 4061 43.
1086 4004 1140 4071 5)
1178 4006 1298 4067 111,
1335 4008 1398 4059 6.·
1439 4006 1526 4060 avi
1564 4005 1785 4059 meimet
1812 4006 2051 4061 Heinrici
2091 4008 2319 4061 comitis.
2392 4006 2463 4073 cf.
2500 4008 2587 4074 II,
2624 4010 2709 4062 28.

438 4090 491 4156 6)
528 4091 569 4144 I
578 4091 637 4156 V,
674 4092 770 4146 38.-
808 4094 1059 4159 patruum
1087 4090 1700 4145 meimet-marchionem
1728 4091 2085 4146 Lintharium.
2226 4094 2279 4155 7)
2320 4094 2360 4146 Ι
2370 4092 2429 4156 V,
2465 4092 2561 4147 30:
2600 4095 2711 4147 tres

441 4177 688 4231 avunculi
733 4178 842 4230 mei
885 4176 1192 4239 HeinricuS,
1242 4174 1361 4229 Udo
1405 4179 1463 4230 et
1504 4174 1813 4245 Sigifridus.
1952 4178 2005 4243 8)
2044 4178 2155 4245 IV,
2195 4178 2288 4231 17.-
2340 4176 2507 4241 Quem
2542 4179 2709 4247 (Siqi-
2778 4193 2785 4199 ·

425 4262 672 4329 fridum)
724 4264 900 4316 mater
952 4278 1049 4315 sua.
1077 4301 1090 4315 .
1121 4301 1133 4313 .
1164 4301 1176 4313 .
1207 4302 1219 4314 .
1249 4261 1534 4315 Mahtildis
1566 4300 1577 4312 .
1608 4300 1620 4312 .
1652 4300 1664 4312 .
1694 4301 1706 4313 .
1736 4278 1853 4315 cum
1900 4263 2123 4331 coniuge
2169 4260 2489 4331 cunigunda.
2533 4264 2709 4319 deflet.

437 4348 490 4414 9)
540 4348 638 4415 VI,
665 4348 762 4403 43:
815 4347 929 4412 Quo
954 4347 1302 4412 (Linthario)
1329 4346 1634 4401 discedente
1660 4363 1789 4402 uxor
1816 4363 1912 4400 sua
1938 4346 2237 4401 mahtildis.
2369 4348 2456 4415 10)
2497 4350 2585 4418 ΙΙ,
2614 4352 2707 4405 42:

438 4434 560 4489 avia
595 4434 816 4488 meimet
850 4434 1091 4488 Iuthitta
1131 4434 1360 4489 nomine.
2257 4482 2261 4486 .
