3100 5050
105 769 131 792 *
151 770 237 821 soz.
258 767 349 811 116⁴

121 2737 146 2761 ¹·
166 2738 254 2787 soz.
272 2737 363 2777 111.

1003 419 1408 476 THIE'I'MARI
1445 418 1708 476 CHRON.
1777 419 1915 474 LIB.
1952 419 2045 475 VI.
2546 422 2648 478 159

388 575 859 641 'dissimulanda
895 582 959 640 et
994 574 1074 638 ob
1112 574 1630 639 melioracionem
1668 579 1767 638 est
1802 571 2193 657 castiganda,
2222 610 2306 622 —
2332 581 2644 657 quantum
2682 589 2847 643 1009-

395 663 662 728 veritate
706 660 789 726 ad
834 660 954 725 hoc
1002 682 1100 725 me
1145 658 1575 743 persuadente
1618 659 2024 724 vehementer
2066 660 2187 724 hoc
2240 680 2384 724 011111
2428 661 2647 725 multis

381 749 718 814 ..ammiror
805 746 1138 830 Propicius
1184 745 1316 811 *illi
1360 746 1559 824 Deus„
1606 752 1695 825 111,
1751 746 1807 809 si
1858 744 2019 809 haec
2072 744 2239 809 bona
2290 747 2647 811 intentione

395 834 623 913 faciat,
691 834 756 897 in
813 830 1376 897 iustificationibus
1433 831 1557 896 Dei
1613 831 1751 897 sine
1812 830 2076 915 querela
2136 852 2393 895 cursum
2456 832 2647 898 huius

392 918 924 1018 peregrinationis
981 916 1256 985 incedat.
1359 917 1427 981 Si
1483 923 1698 981 autem
1754 922 2007 982 tumore
2065 916 2369 983 elacionis
2431 918 2649 1002 aliquo

393 1006 600 1089 magis
638 1003 901 1069 inflatus
937 1014 1170 1086 quam*
1196 1003 1434 1068 amoris
1469 1002 1692 1067 fomite
1720 1002 2077 1087 spiritualis
2102 1010 2287 1068 tanta
2324 1009 2645 1085 operatur,

393 1090 479 1155 ad
548 1089 1037 1173 vituperandam
1120 1089 1326 1153 solum
1405 1089 1796 1187 presentium
1871 1090 2411 1154 conversationem
2492 1110 2648 1162 con-

392 1182 684 1241 vertatur
727 1174 810 1239 ab
847 1174 1298 1258 iniquitatibus
1347 1174 1480 1239 suis
1524 1195 1603 1238 ac
1646 1193 1763 1256 per
1796 1174 2224 1239 lucracionem
2263 1174 2647 1239 secularium

391 1260 904 1327 aedificationem
960 1259 1244 1326 fidelium
1300 1266 1608 1343 sequutus
1670 1261 2032 1325 animarum
2093 1260 2269 1325 nullo
2320 1266 2651 1344 prematur

395 1347 781 1413 detrimento
827 1346 944 1410 sui.
1036 1348 1212 1411 Felix
1257 1352 1355 1411 est
1398 1348 1462 1409 in
1501 1344 1779 1426 Christo,
1826 1346 1936 1431 qui
1980 1352 2307 1412 aeternam
2350 1347 2649 1412 iusticiae

395 1434 573 1498 cultu
623 1433 994 1497 memoriam
1047 1438 1110 1498 et
1163 1453 1203 1497 a
1255 1431 1424 1496 malo
1479 1452 1825 1515 suspensus
1888 1431 2115 1497 auditu
2169 1431 2451 1497 divinam
2503 1453 2649 1515 pro-

393 1524 678 1584 1110101111
719 1518 804 1582 ad
850 1518 1176 1582 dexteram
1223 1518 1641 1583 vocationem.

744 1602 877 1691 29)
954 1604 1090 1668 Rex
1143 1603 1296 1669 dum
1349 1604 1536 1679 haec,
1592 1623 1758 1685 quae
1812 1624 1982 1668 nunc
2033 1602 2222 1686 longe
2272 1623 2649 1686 progressus

395 1689 666 1789 aiebam,
746 1690 986 1769 iscutit,
1021 1689 1104 1754 ad
1140 1688 1572 1753 invadendam
1608 1689 2031 1773 episcopalem
2064 1688 2433 1753 cathedram
2470 1690 2650 1754 iussu

392 1776 561 1861 regis
591 1797 705 1859 ego
731 1774 1174 1858 precedebam.
1249 1775 1593 1857 Primoque
1628 1774 1711 1839 ad
1739 1780 1985 1839 curtem
2013 1795 2241 1854 meam,
2281 1773 2649 1840 Sclavenice

394 1862 715 1927 Malacinb
767 1861 1026 1940 dictam,
1082 1861 1423 1926 Teutonice
1467 1865 1684 1923 autem
1729 1860 2162 1943 Egisvillaml,
2208 1861 2358 1927 veni
2394 1866 2459 1924 et
2504 1861 2652 1925 sub-

395 1948 692 2031 sequenti
735 1947 878 2011 luce
921 1949 1104 2009 iuxta
1145 1946 1428 2010 Elstram
1485 1944 1749 2010 fluvium
1804 1953 1867 2011 et
1910 1946 2066 2010 Iteri
2108 1943 2450 2030 oppidum2
2504 1968 2650 2011 cum

395 2033 762 2097 convocatis
806 2031 1158 2096 aecclesiae
1217 2033 1473 2096 meimet
1524 2032 1819 2097 famulis⁰
1874 2031 1957 2095 ad
2002 2030 2462 2097 consolandum
2505 2053 2652 2116 pre-

397 2124 610 2183 sentes
672 2126 737 2182 et
799 2116 882 2181 ad
925 2115 1284 2181 vocandum
1345 2117 1647 2183 absentes
1707 2117 2037 2199 loquebar.
2144 2116 2422 2201 Fugerat
2480 2120 2651 2182 enim

394 2204 678 2268 maxima
709 2202 981 2267 horum‘1
1013 2202 1357 2267 multitudo
1393 2203 1628 2268 suimet
1660 2204 2093 2268 inconstantia
2129 2210 2193 2268 et
2226 2205 2652 2268 antecessoris

395 2290 523 2354 mei
567 2287 942 2353 infirmitate
985 2288 1334 2371 prevalida.
1436 2289 1595 2354 Inde
1648 2288 1732 2354 ad
1777 2288 2197 2371 Merseburhg
2242 2288 2651 2373 proficiscens

394 2395 511 2458 per
544 2375 805 2439 Ericum
849 2375 1205 2439 antistitem
1219 2374 1267 2455 3,
1313 2396 1354 2438 a
1397 2375 1835 2440 confratribus
1878 2375 2084 2455 primo
2129 2374 2478 2439 honorifice
2513 2396 2651 2440 sus-

393 2466 635 2546 ceptuS,
681 2460 1178 2530 inthronizabar.
1269 2461 1421 2525 Dies
1467 2460 1789 2525 dominica
1833 2461 2113 2525 crastino
2155 2460 2386 2542 illuxit,
2434 2467 2498 2525 et
2533 2482 2647 2562 ego
2672 2480 2775 2521 Mai.
2794 2482 2877 2521 22..

393 2554 729 2630 peccatore
785 2549 1048 2612 missam
1111 2554 1376 2613 cantans
1442 2548 1717 2630 populos
1771 2546 2181 2612 advenientes
2234 2548 2651 2613 amonicionis

395 2635 685 2718 egentesf
741 2633 994 2698 institui
1065 2640 1131 2698 et
1180 2638 1449 2717 peccata
1508 2631 1963 2698 confitentibus
2030 2633 2244 2698 divina
2304 2639 2647 2716 potestate,

393 2719 643 2784 *tamen
700 2717 1073 2785 infirmitate
1126 2739 1270 2784 mea
1333 2719 1583 2784 resolvi.
1686 2719 1761 2782 11.
1811 2718 1976 2784 feria
2016 2719 2461 2802 rogationumg
2506 2719 2646 2784 dies
2670 2740 2772 2780 Mat.
2790 2740 2879 2780 83...

393 2805 733 2889 incipiunt,
791 2812 855 2870 et
905 2804 1056 2868 hinc
1109 2805 1193 2869 ad
1245 2805 1354 2869 Ma
1356 2804 1731 2888 gadaburhg
1779 2805 2101 2887 peticione
2152 2804 2650 2870 archiantistitis

393 2891 522 2954 mei
553 2911 824 2974 pergens
868 2889 1024 2956 IIII.
1063 2889 1228 2955 feria
1279 2913 1319 2955 a
1363 2890 1809 2973 spiritualibus
1853 2891 2110 2955 meimet
2149 2890 2465 2956 fratribus
2517 2911 2647 2956 non
2671 2910 2775 2952 Mai.
2791 2908 2871 2950 25..

391 2996 508 3060 pro
571 2976 886 3059 qualitate
944 2977 1185 3055 meriti,
1270 2982 1369 3041 set
1434 2997 1550 3060 pro
1623 2977 1989 3060 quantitate
2067 2977 2309 3041 amoris
2377 2978 2650 3041 inmensi

394 3060 814 3160 succipiebar.
906 3061 1315 3126 Ascensionis
1358 3063 1651 3127 inclitum
1696 3068 1763 3127 et
1803 3062 2017 3146 regale
2061 3063 2421 3128 misterium
2474 3083 2643 3127 com·
2670 3083 2773 3122 Mai.
2793 3083 2881 3122 26.-

391 3147 570 3213 muni
615 3145 948 3212 devotione
990 3168 1107 3230 pro
1153 3153 1379 3211 nostra
1421 3148 1852 3231 possibilitate
1894 3150 2272 3232 peregimus.

563 3233 666 3300 43.
711 3233 872 3318 (30.)
944 3232 1099 3296 Inde
1144 3233 1226 3297 ad
1270 3232 1659 3319 wallibizi4,
1723 3233 1837 3298 ubi
1880 3240 2034 3298 tunc
2077 3235 2442 3334 prepositus
2498 3253 2647 3298 con-

391 3318 626 3384 fratres
671 3318 806 3384 Deo
851 3338 1226 3401 semperque
1260 3319 1492 3396 virgini
1535 3287 1783 3384 Mariae
1841 3319 2081 3385 ibidem
2136 3322 2484 3385 servientes
2523 3318 2648 3383 VII

393 3424 598 3469 annos
652 3425 730 3469 ac
779 3409 916 3470 tres
971 3403 1405 3470 ebdomadash
1459 3410 1526 3470 et
1578 3411 1712 3471 tres
1766 3405 1903 3471 dies
1956 3407 2121 3484 rexi,
2179 3412 2434 3470 tantum
2486 3426 2648 3470 onus

392 3490 765 3570 simoniaco,
810 3510 926 3573 pro
971 3489 1182 3555 dolor!
1245 3490 1502 3556 subiens
1547 3491 1857 3576 exemplo,
1910 3512 2037 3557 non
2080 3493 2147 3556 in
2190 3492 2481 3575 pecunia,
2536 3491 2649 3555 sed

390 3577 458 3640 in
511 3575 735 3660 predio
787 3582 1018 3659 patruo
1079 3576 1339 3642 meimet
1389 3576 1561 3644 dato.
1677 3578 1752 3642 In
1804 3577 1925 3642 hoc
1985 3578 2252 3643 multum
2308 3576 2649 3660 culpabilis

393 3682 583 3744 spero
631 3660 911 3727 districti
954 3661 1187 3727 iudicis
1231 3661 1498 3740 veniam,
1558 3664 1712 3747 quia
1758 3661 1839 3727 ob
1884 3662 2350 3728 defendendum
2396 3683 2647 3747 gregem

392 3746 783 3812 dominicum
829 3754 892 3813 01
934 3747 1236 3813 instituta
1277 3714 1616 3831 parentum
1662 3747 2059 3814 observanda
2101 3749 2304 3816 multo
2340 3750 2544 3832 magis
2580 3746 2646 3812 id

391 3834 510 3916 egi.
621 3833 786 3918 Ergo
847 3840 911 3898 te
963 3833 1261 3898 lectorem
1316 3855 1432 3916 per
1477 3834 1685 3899 Deum
1736 3841 1968 3912 testor,
2032 3842 2104 3900 ut
2154 3842 2402 3900 textum
2454 3834 2647 3898 huius

388 3920 783 3985 narrationis
835 3920 1146 4002 inspicias
1199 3924 1264 3983 et
1311 3941 1431 4003 pro
1485 3921 1799 4004 qualitate
1850 3921 2064 3986 meriti
2117 3921 2445 3986 discernas
2498 3939 2661 3996 exa--

388 4006 852 4089 minatorisque
878 4005 1127 4070 venturi
1154 4004 1481 4071 horridam
1511 4007 1743 4072 faciem
1772 4006 2155 4072 lacrimabili
2184 4005 2647 4091 supplicatione

387 4111 795 4174 preoccupes.

391 4225 436 4278 a)
461 4237 592 4277 quam
618 4233 664 4268 et
685 4229 738 4269 B.
843 4227 890 4280 b)
916 4230 1110 4270 malmin
1136 4230 1190 4269 Β.
1297 4227 1338 4280 0)
1366 4230 1561 4270 famulus
1589 4241 1714 4272 corr..
1740 4230 1903 4270 familis
1928 4232 1969 4270 1.
2084 4228 2130 4281 d)
2156 4230 2311 4271 hatum
2338 4233 2378 4270 1.
2479 4225 2523 4278 e)
2548 4237 2649 4277 pec·

389 4282 582 4319 catorum
608 4281 664 4319 B.
767 4280 807 4334 s)
831 4291 966 4331 egeus
991 4283 1030 4322 1.
1136 4281 1184 4332 g)
1211 4282 1512 4330 mgmtionum
1538 4284 1579 4324 1.
1686 4280 1736 4333 h>
1760 4281 1966 4322 ebdomas
1993 4284 2034 4322 1.

390 4380 445 4446 1)
481 4382 722 4448 Eisdort'
749 4385 809 4438 m
841 4385 1194 4452 praefectura
1227 4388 1456 4441 Littzm.
1525 4387 1597 4441 L.
1752 4385 1805 4452 2)
1855 4386 2090 4454 Eythra.
2244 4383 2299 4452 3)
2348 4383 2657 4440 Havelber-

385 4466 617 4518 qen-sem.
754 4453 810 4518 5)
862 4453 1126 4510 Walbeck.
