3100 5050
167 593 188 616 '⁸
210 594 294 643 sol.
312 595 392 639 26'.

1033 418 1440 475 THIETMARI
1475 417 1737 477 CHRON.
1809 421 1947 477 LIB.
1984 421 2060 479 ΙΙ.
2603 425 2671 480 35

421 576 512 642 eis
575 575 742 640 clam
804 582 959 639 tunc
1018 575 1300 659 predixit
1360 575 1716 656 *matrona,
1782 596 1925 640 cum
1987 597 2055 640 se
2112 577 2431 641 mortuam
2482 577 2673 642 iussit

415 681 684 746 propere
737 661 1052 725 tumulari
1103 667 1168 726 et
1219 681 1370 726 suas
1423 661 1627 728 abire.
1716 661 2063 726 Venientes
2116 669 2331 728 'autem
2386 662 2507 746 hee
2554 662 2672 727 Co-

412 749 657 814 loniam
725 755 960 812 cuncta
1011 747 1495 832 archiepiscopo
1564 747 1859 829 pandunt
1910 748 2152 813 ordine.
2268 748 2441 826 Quas
2503 749 2673 813 idem

415 835 689 916 benigne
743 833 1100 918 suscipiens
1162 834 1300 898 Deo
1367 834 1612 916 gratias
1664 834 1798 918 egit
1850 841 1913 898 et
1963 835 2173 898 iustae
2224 833 2510 899 eiusdem
2566 856 2673 918 pe-

416 921 641 984 ticioni
713 918 1044 989 satisfecit.
1158 919 1245 985 Et
1314 921 1467 1002 quia
1536 941 1749 1002 pauca
1815 920 2070 984 locutus
2137 940 2279 985 sum
2340 919 2421 984 de
2482 919 2673 984 laude

415 1007 640 1090 ignota
683 1006 850 1070 tanti
893 1005 1198 1089 presulis,
1251 1004 1408 1070 libet
1459 1007 1527 1069 in
1582 1005 2032 1090 sequentibus¹
2075 1012 2291 1070 cetera
2333 1006 2669 1086 disserere,

415 1099 492 1158 ut
533 1093 602 1157 in
644 1090 748 1155 his
791 1092 992 1156 virtus
1037 1091 1322 1156 eiusdem
1363 1091 1580 1156 valeat
1621 1091 2025 1157 enucleacius
2068 1113 2397 1176 apparere.

493 1296 498 1298 .
591 1213 691 1277 26.
741 1211 902 1296 (17.)
974 1211 1339 1295 Imperator
1381 1210 1609 1276 audita
1651 1211 2137 1277 Ratisbonensis
2182 1211 2489 1276 ecclesiae
2531 1232 2672 1295 pre·
2742 1227 2865 1288 (942

415 1295 618 1364 sulis2
661 1303 883 1377 morte,
929 1296 1004 1362 eo
1039 1298 1345 1380 perrexit,
1393 1304 1458 1362 et
1506 1303 1579 1362 ut
1626 1299 2063 1398 episcopatum
2101 1319 2226 1362 non
2269 1298 2435 1384 11110ιι
2468 1297 2670 1378 daret,
2698 1294 2829 1335 ΕΘΝ·
2849 1292 2909 1344 ⁵)-

326 1411 332 1418 ·
415 1385 544 1448 nisi
587 1384 729 1463 eo¹’‚
793 1384 905 1467 qui
956 1385 1202 1468 primus
1255 1383 1380 1448 sibi
1434 1385 1813 1462 occurrerit,
1878 1406 1945 1449 m
2000 1385 2239 1448 somnis
2292 1385 2675 1448 ammonitus

181 1486 202 1509 *
230 1501 278 1537 p.
297 1487 388 1528 ⁷52.

419 1470 583 1536 *est..
647 1469 946 1534 Crastina
973 1477 1189 1534 autem
1230 1468 1335 1534 die
1369 1469 1672 1552 primitus
1716 1469 2141 1535 inlucescente
2186 1491 2369 1536 cesar
2412 1468 2497 1533 ad
2539 1490 2673 1534 mo—

299 1615 310 1628 ,
413 1556 769 1621 nasterium
827 1555 1065 1620 Christi
1119 1556 1404 1620 martiris
1456 1555 1940 1635 Emmerammi,
2006 1555 2341 1621 monachis
2397 1554 2514 1620 hoc
2566 1576 2674 1619 ne-

177 2261 199 2283 *
217 2261 388 2312 foas-1.

418 1641 786 1720 scientibus,
843 1662 986 1706 cum
1031 1642 1256 1726 paucis
1310 1642 1483 1706 venit
1541 1647 1609 1706 et
1658 1641 1973 1725 paulatim
2026 1643 2257 1707 ostium
2309 1642 2573 1726 pulsans
2633 1663 2674 1706 a

417 1728 698 1813 quodam
736 1727 1148 1807 Guntherio⁰‚
1191 1726 1542 1792 aecclesiae
1577 1729 1874 1812 pervigili
1910 1728 2171 1793 custode
2208 1735 2273 1793 et
2307 1750 2420 1812 per
2458 1727 2675 1792 omnia

416 1813 768 1880 venerabili
794 1819 996 1898 patre,
1034 1813 1441 1878 intromissus
1470 1820 1585 1881 est.
1655 1813 1858 1891 Quem
1885 1814 2141 1879 intuens
2170 1814 2251 1878 ad
2278 1813 2675 1881 adorandum

416 1901 626 1984 primo
671 1900 939 1983 supplex
982 1903 1296 1982 processit
1338 1899 1695 1983 deindeque
1748 1899 1987 1965 talibus
2022 1900 2421 1985 aggreditur:
2485 1899 2676 1977 ‘Quid

418 1986 606 2067 mihi,
661 1985 890 2065 frater,
946 2007 1063 2069 pro
1117 1984 1534 2068 adipiscendo
1573 1986 1975 2070 episcopatus
2021 1987 2261 2052 honore
2304 1987 2399 2050 vis
2451 1986 2607 2051 dare
2622 1987 2673 2050 ‘P'

421 2072 646 2138 Senior
689 2071 773 2136 ad
816 2072 978 2136 haec
1022 2071 1387 2137 subridens:
1437 2070 1763 2152 ‘Calceos,’
1808 2071 1969 2150 infit,
2019 2072 2251 2141 ‘meos.’
2341 2071 2527 2136 Hunc
2562 2093 2675 2136 au-

415 2164 548 2223 tem
607 2179 748 2223 cum
809 2159 1080 2222 caeteris
1140 2157 1575 2222 confratribus
1632 2158 1718 2222 ad
1776 2158 2161 2223 eleccionem
2222 2158 2531 2223 antistitis
2592 2158 2675 2223 ad

419 2252 713 2310 sanctum
758 2244 1019 2309 Petrum
1057 2245 1411 2308 venientem
1457 2244 1692 2322 *cesar‚
1739 2243 2057 2327 explicato
2102 2244 2387 2308 cunctis<1
2430 2246 2675 2308 somnio

415 2336 767 2414 ceteroque.
800 2330 896 2395 rei
941 2337 1186 2408 eventu,
1234 2341 1416 2394 cum⁰
1459 2330 1727 2394 consilio
1774 2330 1927 2394 cleri
1962 2330 2297 2413 tociusque
2335 2329 2553 2414 populi
2589 2330 2675 2394 ad

418 2417 817 2482 sacerdotem
863 2416 1217 2481 constituit.
1306 2416 1372 2480 Is
1408 2436 1559 2481 vero
1604 2421 1871 2498 accepta
1914 2415 2367 2481 benediccione
2412 2414 2677 2480 sedebat

418 2509 670 2570 tantum
735 2502 825 2568 VI
878 2502 1192 2569 menses‘·
1215 2499 1246 2547 3
1309 2502 1795 2587 egritudineque
1849 2522 2251 2589 compressus
2306 2501 2545 2583 valida',
2591 2501 2676 2567 ad

416 2590 738 2656 modicum
791 2589 1066 2653 evaluitg
1118 2595 1497 2673 sumptoque
1549 2590 1619 2653 in
1672 2589 1943 2654 manus¹²
1986 2590 2198 2655 cinere
2260 2588 2489 2668 locum,
2549 2608 2675 2671 quo

416 2676 497 2741 de
541 2675 662 2741 hoc
705 2675 924 2742 seculo
968 2677 1248 2759 migrare
1291 2675 1506 2752 voluit,
1564 2676 1746 2759 signo
1790 2680 2052 2741 sanctae
2097 2676 2305 2740 crucis
2348 2676 2484 2759 ipse
2528 2696 2676 2739 eon-

418 2761 736 2846 surgendo
788 2762 1066 2847 signavit
1123 2761 1579 2844 solotenusque
1629 2760 1882 2845 positus
1934 2760 2096 2826 illud
2150 2760 2325 2827 beati
2377 2760 2491 2825 Iob
2538 2781 2676 2825 car-

418 2869 565 2913 men
607 2848 836 2913 beatus
879 2854 944 2913 et
986 2848 1124 2931 ipse
1169 2848 1426 2912 cecinit:
1474 2848 1737 2911 ‘Aualitu
1781 2848 1962 2912 auris
2004 2848 2226 2912 audivi
2266 2858 2343 2929 te,
2386 2846 2676 2928 Domine,
2702 2866 2820 2906 11101)
2845 2866 2910 2915 41,
2940 2865 2978 2904 5.

416 2956 579 2999 nunc
628 2944 834 2999 autem
878 2934 1088 2998 oculus
1127 2957 1295 2999 meus
1337 2934 1502 2998 videt
1544 2944 1636 3015 te;
1686 2934 1925 2998 idcirco
1968 2934 2103 3020 ipse
2156 2956 2248 2997 me
2303 2933 2678 3019 ‘reprehendo

417 3030 474 3085 et
525 3043 647 3107 ayo
695 3020 1100 3107 penitentiam
1162 3021 1235 3083 in
1272 3019 1522 3105 favilla
1574 3030 1630 3084 et
1680 3020 1923 3085 cinere)
2055 3020 2139 3085 Et
2184 3020 2486 3084 continuo
2532 3039 2678 3083 con·
2726 3030 2847 3096 (942

418 3105 694 3172 sessione
748 3127 892 3171 cum
946 3105 1230 3171 lacrimis
1280 3112 1542 3189 peracta
1597 3105 1811 3171 emisit
1865 3106 2187 3188 spiritum3
2242 3104 2677 3189 inpletumque
2704 3098 2802 3140 0⁰²·
2821 3098 2878 3151 ⁸)·

419 3193 488 3256 in
533 3192 757 3257 eodem
804 3198 920 3271 est,
966 3191 1136 3276 quod
1173 3197 1542 3257 antecessor
1578 3190 1752 3256 illius
1788 3192 2017 3257 similis
2058 3190 2315 3257 habitus
2352 3190 2501 3256 huic
2534 3211 2677 3273 pre-

417 3278 614 3343 dixit:
680 3278 797 3343 ‘Tu
839 3277 1059 3357 debes,
1114 3276 1342 3352 frater,
1399 3276 1716 3343 secundus
1760 3284 1906 3361 post
1947 3299 2048 3343 me
2093 3277 2258 3343 hanc
2302 3277 2678 3341 aecclesiam

419 3384 668 3447 regere;
706 3363 818 3428 sed
853 3383 1049 3448 parvo
1087 3370 1374 3445 tempore
1409 3364 1599 3443 vives,
1637 3363 1775 3427 Deo
1812 3369 2061 3429 tantum
2090 3368 2153 3430 te
2182 3362 2679 3429 misericorditer

420 3450 809 3517 coronante.’
901 3448 1104 3529 Quod,
1151 3448 1458 3533 quamdiu
1503 3449 1610 3514 hic
1660 3450 2105 3535 peregrinatus
2150 3456 2274 3531 est,
2328 3450 2514 3515 iuxta
2558 3448 2679 3513 Dei

419 3536 813 3603 voluntatem
856 3534 997 3600 fieri
1039 3535 1211 3601 idem
1256 3555 1506 3619 semper
1548 3536 1813 3618 optavit.

592 3658 695 3724 27.
759 3654 896 3721 Has
941 3655 1021 3721 de
1066 3654 1318 3720 duobus
1361 3655 1679 3738 episcopis
1724 3656 2077 3721 sententias
2121 3655 2265 3721 ideo
2299 3655 2559 3741 protuli,
2605 3661 2680 3730 ut

421 3743 619 3823 scias,
672 3742 901 3822 lector,
960 3741 1132 3825 quod
1185 3741 1438 3807 celestis
1489 3742 1703 3826 gratia
1754 3742 1843 3807 im
1888 3743 2127 3809 oratori
2176 3763 2328 3827 sepe
2380 3742 2677 3825 aperiret,

423 3828 583 3913 quid
632 3827 759 3894 sibi
801 3828 870 3893 in
914 3826 1212 3893 humanis
1255 3826 1399 3892 fieri
1440 3828 1743 3910 placeret.
1843 3765 1966 3894 {iic
2010 3827 2235 3894 audito
2279 3827 2462 3894 obitu
2512 3827 2680 3892 tanti

424 3967 467 4071 ιζ
505 3968 582 4007 alii
619 3968 666 4009 V.
793 3965 841 4018 b)
879 3967 922 4007 oi
958 3967 1001 4007 V.
1132 3964 1174 4017 c)
1213 3966 1228 4004 1
1267 3977 1432 4006 eratum
1468 3969 1540 4009 est.
1670 3966 1717 4015 d)
1754 3967 1897 4006 cuntis
1932 3969 1971 4007 1.
2104 3965 2148 4059 og
2187 3966 2289 4007 cuni
2324 3964 2563 4017 (communi
2571 3964 2611 4017 ?)
2637 3967 2676 4005 1.

423 4020 448 4060 f
496 4020 664 4059 mensis
689 4018 742 4069 A,
767 4019 785 4058 i
810 4022 1014 4067 apamio
1042 4018 1081 4057 T
1103 4028 1318 4067 super-cer.
1347 4027 1387 4058 o.
1516 4017 1565 4069 g)
1600 4019 1828 4059 convaluit
1854 4018 1891 4058 V
1912 4020 1949 4058 d
1972 4019 2085 4059 Ami.
2149 4030 2244 4059 wo.
2376 4018 2427 4067 h)
2464 4017 2607 4056 manis
2636 4020 2676 4057 1.

424 4123 630 4179 Rcmnla
682 4128 731 4177 et
782 4124 1096 4177 Damascus
1139 4138 1338 4191 puyna
1383 4138 1558 4190 prope
1609 4122 1810 4177 mela
1860 4122 2021 4186 (inter
2060 4123 2363 4177 Ierusalem
2404 4126 2456 4175 et
2495 4118 2680 4187 Iaffa)

424 4194 708 4249 commissa
757 4192 1021 4247 devictam,
1063 4192 1205 4259 cepit
1244 4207 1422 4245 mense
1465 4192 1849 4260 Deul-Hiyya
1892 4206 1944 4246 a.
1985 4196 2114 4259 post
2152 4190 2345 4259 fuyam
2380 4192 2679 4259 prophetae

427 4262 548 4329 358,
583 4261 619 4316 i.
645 4277 688 4315 e.
715 4275 894 4315 mense
917 4262 1046 4315 Iun.
1074 4278 1126 4315 a.
1152 4277 1208 4328 p.
1237 4259 1364 4315 Chr.
1389 4276 1446 4313 n.
1471 4261 1575 4315 969
1587 4279 1602 4323 3
1647 4261 1996 4328 Witstenfeld‚
2023 4258 2235 4316 ‘G'esch
2264 4260 2315 4315 d.
2342 4259 2677 4315 Fatensden-

425 4330 720 4397 Chalifenss
746 4330 946 4385 Abhdl.
965 4330 1018 4383 d.
1037 4328 1184 4385 θὸτι.
1203 4328 1492 4384 Geeellsch.
1513 4328 1565 4381 d.
1600 4328 1762 4386 Wies.
1784 4330 1905 4384 XX
1915 4329 2044 4393 VII,
2074 4330 2223 4384 1881.
2340 4327 2391 4396 l)
2441 4328 2500 4381 V.
2525 4326 2679 4390 infra

425 4400 548 4464 ΙΙΙ,
599 4399 775 4452 2-4.
931 4397 986 4463 2)
1038 4397 1336 4467 Isenyrimi
1375 4397 1618 4465 episcopi
1662 4398 1986 4466 930—9423
2044 4398 2117 4466 ef.
2154 4398 2435 4451 Dammler
2462 4412 2521 4464 p.
2560 4396 2677 4450 125.

426 4468 481 4536 3)
517 4469 778 4525 Mortuus
813 4472 892 4522 eet
925 4467 1027 4521 942
1065 4467 1180 4523 Oet.
1206 4470 1240 4523 8
1254 4487 1270 4532 ;
1321 4468 1603 4521 Diernmler
1634 4482 1690 4535 p.
1721 4468 1835 4523 125.

2300 4566 2373 4629 3*
