3100 5050
133 497 268 543 verz.
303 494 415 537 Aen.

129 549 184 598 x,
211 549 304 590 858.
322 549 414 590 859.

226 599 346 650 Sept.
376 601 414 641 ⁷.

442 343 476 396 8
1072 340 1478 396 ΤΗῙΕΤΜΑΒΙ
1513 339 1773 397 ΟΗΒΟΝ.
1843 343 1980 396 LIB.
2016 343 2059 398 Ι.

445 501 509 562 et
551 515 778 578 genere
825 494 1194 574 clarissimi,
1254 495 1450 561 decus
1494 501 1559 560 et
1604 496 1885 561 solamen
1930 497 2208 579 patriae,
2267 496 2489 563 Nonas
2536 497 2681 584 Sep-

444 581 709 647 tembris
754 602 899 646 cum
943 580 1163 646 multis
1207 581 1354 648 aliis
1397 581 1732 664 oppeciere
1752 581 1792 648 ¹.

612 685 708 750 11.
755 682 874 768 (7.)
946 682 1034 748 Ut
1067 683 1280 749 nullus
1311 683 1567 748 Christo
1603 683 1886 750 fidelium
1924 684 2003 750 de
2040 685 2260 751 futura
2287 692 2684 752 mortuorum

437 769 915 836 resurreccione
971 766 1252 848 diffidat,
1312 768 1426 835 sed
1480 769 1564 836 ad
1615 771 1847 836 beatae
1890 772 2397 838 immortalitatis
2452 773 2689 857 gaudia

439 854 818 921 anhelanter
856 875 974 938 per
1006 862 1232 921 sancta
1267 854 1713 941 proficiscatur
1749 855 2088 940 desideria,
2180 858 2473 937 uaedam,
2520 881 2685 942 quae

437 943 504 1007 in
571 941 730 1006 urbe
789 941 1160 1007 Wallislevo
1230 948 1381 1025 post
1449 940 1769 1006 excidium
1840 941 2148 1031 eius[dem
2188 954 2215 983 ⁸
2282 944 2686 1010 *reedificata
2718 961 2741 986 *

437 1027 752 1094 accidisse
803 1027 1116 1092 veraciter
1168 1028 1468 1111 comperi,
1515 1027 1845 1094 intimabo,
1945 1028 2019 1093 In
2065 1029 2202 1114 ipso
2250 1031 2515 1096 orientis
2561 1031 2691 1097 diei

437 1112 811 1198 crepusculo
857 1113 1084 1178 solitus
1119 1120 1260 1179 erat
1292 1113 1609 1199 presbiter
1644 1113 1925 1180 eiusdem
1964 1115 2271 1182 ecclesiae
2309 1117 2689 1183 matutinam

437 1220 688 1266 canere.
780 1198 907 1265 Sed
952 1219 1096 1264 cum
1142 1199 1228 1265 ad
1271 1199 1509 1265 atrium
1555 1198 2003 1267 defunctorum
2051 1203 2311 1283 veniret,
2358 1203 2577 1268 videns
2622 1203 2688 1268 in

438 1307 514 1352 00
579 1306 878 1368 magnam
939 1280 1414 1351 multitudinem
1485 1285 1845 1352 oblationes
1914 1285 2283 1353 offerentem
2366 1288 2690 1354 sacerdoti

437 1392 655 1438 coram
701 1370 924 1455 templi
966 1370 1210 1436 foribus
1258 1371 1475 1452 stanti,
1519 1374 1731 1456 primo
1767 1372 2075 1454 substitit,
2120 1383 2471 1459 posteaque
2507 1377 2690 1458 signo

437 1465 698 1524 sanctae
743 1457 951 1522 crucis
997 1477 1066 1522 se
1109 1458 1428 1538 muniens,
1481 1479 1597 1542 per
1643 1479 1862 1524 omnes
1906 1458 2055 1544 hos,
2108 1481 2225 1525 nec
2276 1482 2403 1527 uno
2460 1461 2689 1527 saltem

437 1544 676 1628 agnit0,
720 1543 1077 1609 oratorium
1121 1543 1410 1628 trepidus
1456 1543 1634 1611 adiit.
1735 1544 1938 1623 Quem
1983 1567 2113 1611 una
2155 1545 2403 1611 noviter
2444 1547 2525 1612 de
2568 1546 2691 1613 1100

439 1629 654 1697 seculo
700 1649 958 1712 egressa
1002 1635 1068 1694 et
1111 1629 1235 1695 sibi
1277 1630 1440 1695 bene
1483 1635 1656 1709 nota,
1702 1629 1858 1712 quid
1904 1631 2010 1696 hic
2051 1631 2256 1710 vellet,
2302 1631 2687 1717 interrogat3

438 1717 794 1800 edoctaque
814 1715 896 1780 ab
914 1735 1008 1794 e0,
1030 1736 1231 1800 quare
1249 1716 1509 1795 venerit,
1529 1715 1689 1780 haec
1716 1717 1931 1781 omnia
1958 1716 2040 1781 ab
2067 1717 2165 1782 his
2194 1738 2332 1782 esse
2351 1718 2685 1800 completa,

436 1822 833 1889 parvumque
868 1802 1171 1885 temporis
1209 1800 1481 1866 eundem
1515 1803 1833 1867 victurum
1869 1802 2166 1888 predixit.
2240 1801 2427 1880 Quod
2459 1803 2685 1868 vicinis

439 1892 620 1972 *post
662 1887 904 1967 retulit,
948 1908 1223 1972 veraque
1271 1885 1474 1976 [baec]
1519 1908 1661 1954 esse
1706 1888 2145 1974 cumprobavit
2158 1887 2205 1956 ².

617 1993 714 2056 12.
779 1990 938 2055 Meis
971 1989 1372 2075 temporibus
1406 1991 1941 2076 in„Magadaburg
1976 2030 2061 2040 —-
2096 1993 2263 2058 sicut
2288 2015 2329 2057 a
2354 1990 2687 2058 veracibus

438 2079 658 2162 accepi
690 2076 984 2156 testibus,
1022 2076 1090 2140 in
1121 2077 1266 2160 ipsa
1301 2083 1456 2142 tunc
1493 2078 1792 2143 continue
1820 2079 2131 2145 manens3
2164 2116 2250 2128 -
2284 2080 2350 2144 in
2377 2078 2689 2144 aecclesia

439 2169 865 2230 mercatorum
899 2161 1200 2228 custodes
1227 2162 1450 2230 eadem
1486 2170 1673 2229 nocte
1708 2165 2065 2242 vigilantes,
2104 2165 2205 2230 his
2240 2187 2406 2250 quae
2440 2164 2691 2250 predixi

439 2249 886 2315 convenientia
935 2249 1076 2313 visu
1137 2254 1202 2314 et
1260 2247 1484 2316 auditu
1546 2251 1998 2334 percipienteS,
2070 2253 2342 2334 optimos
2413 2253 2691 2317 civitatis

439 2335 788 2403 adducunt.
895 2335 1018 2414 Qui
1078 2355 1222 2399 cum
1285 2334 1474 2419 longe
1527 2336 1609 2401 ab
1662 2336 1827 2400 atrio
1889 2335 2273 2402 cadaverum
2332 2337 2689 2414 adstarent,

439 2424 734 2488 lucernas
753 2419 1158 2487 candelabris
1179 2422 1619 2506 superpositas
1640 2421 1874 2503 videre,
1903 2422 2189 2507 duosque
2207 2423 2647 2488 invitatorium
2662 2423 2692 2468 4

439 2530 668 2576 canere
696 2509 1175 2592 matutinasque
1203 2506 1428 2573 laudes
1455 2507 1801 2573 ordinatim
1833 2530 2052 2575 omnes
2070 2509 2430 2595 persolvere
2447 2511 2693 2595 pariter

439 2595 730 2673 audiere3
769 2593 1146 2659 accedentes
1182 2601 1400 2660 autem
1435 2594 1599 2659 nihil
1632 2596 1889 2662 omnino
1927 2596 2315 2665 intellexere.
2402 2596 2541 2663 Hoc
2577 2618 2691 2680 ego

440 2704 582 2748 cum
629 2680 1041 2764 subsequenti
1085 2679 1189 2745 die
1243 2682 1421 2765 nepti
1473 2702 1681 2761 meae,
1737 2704 1905 2766 quae
1950 2682 2211 2767 Brigida
2254 2682 2625 2749 *dicebatur
2640 2683 2689 2764 ⁵,
2718 2704 2741 2727 ⁸

442 2790 598 2834 cura
665 2789 892 2852 regens
952 2768 1263 2851 pastorali
1324 2768 1784 2833 monasterium
1854 2770 2060 2836 sancti
2120 2770 2522 2847 Laurentiiss,
2594 2791 2693 2834 re-

440 2856 716 2921 ferremb
777 2854 846 2918 in
889 2852 1264 2919 infirmitate
1322 2854 1422 2919 sui
1475 2856 1768 2939 corporis
1822 2855 2207 2933 laborantis,
2260 2854 2553 2938 protinus
2606 2854 2691 2919 ab

440 2961 536 3019 ea,
572 2961 977 3024 nequaquam
1014 2940 1133 3005 hoc
1158 2940 1446 3019 miranti,
1477 2941 1609 3005 tale
1634 2943 1895 3024 percepi
1920 2960 2324 3023 responsum:
2364 2939 2689 3023 ‘Tempore

439 3026 724 3092 Baldrici
783 3025 1085 3107 presuIiS,
1158 3027 1270 3110 qui
1333 3028 1659 3111 octoginta
1728 3028 1974 3093 annos⁷
2036 3025 2135 3090 vel
2203 3025 2349 3109 plus
2411 3026 2692 3091 Traiecti

439 3112 770 3178 sanctam‘1
826 3110 1090 3195 regebat
1149 3112 1390 3192 sedem,
1453 3113 1520 3177 in
1581 3113 1751 3192 1000,
1825 3114 1970 3198 qui⁰
2032 3112 2374 3178 Deventeri
2434 3112 2689 3191 dicitur,

441 3198 778 3265 ecclesiam
839 3198 1017 3263 senio
1079 3195 1359 3262 dirutam
1421 3219 1739 3264 renovans
1802 3198 2127 3264 benedixit
2189 3220 2263 3263 ac
2335 3198 2689 3280 presbitero

441 3286 676 3351 suimet
721 3283 1206 3348 commendavit.
1300 3284 1422 3363 Qui
1468 3285 1534 3349 in
1581 3306 1711 3350 una
1755 3284 2003 3349 dierum
2046 3282 2228 3348 valde
2277 3283 2562 3350 diluculo
2608 3284 2687 3350 ad

2754 970 2839 1020 soz.
2854 969 2918 1010 5‘.

2710 1909 2733 1933 ¹*
2756 1922 2804 1958 p.
2826 1913 2918 1952 ⁷³8.

2756 2708 2842 2757 sol.
2862 2710 2905 2749 6.

442 3392 586 3437 eam
646 3391 943 3455 pergens,
1017 3369 1180 3434 vidit
1230 3377 1518 3435 mortuos
1574 3372 1641 3436 in
1695 3370 1962 3435 ecclesia
2014 3376 2079 3433 et
2131 3370 2298 3434 atrio
2355 3368 2690 3437 offerentes
2781 3423 2787 3430 .

440 3464 636 3542 atque
683 3454 977 3545 [audivit]
1022 3462 1375 3523 cantantes.
1466 3456 1648 3533 Quod
1696 3477 1840 3520 mox
1882 3456 2179 3540 episcopo
2215 3462 2287 3521 ut
2320 3459 2599 3542 primum
2633 3459 2690 3523 is

439 3543 682 3624 retulit,
727 3542 943 3608 iussus
988 3542 1068 3607 ab
1112 3563 1187 3608 eo
1231 3542 1300 3606 in
1345 3541 1617 3608 ecclesia
1661 3540 1959 3621 dormire,
2007 3563 2152 3606 cum
2196 3542 2379 3622 lecto,
2427 3565 2553 3628 quo
2594 3567 2691 3609 re-

441 3679 487 3731 a)
526 3682 626 3722 dem
663 3693 688 3721 α
729 3682 768 3721 T
799 3680 992 3720 additum
1019 3684 1165 3729 poma
1201 3691 1363 3720 erasum
1398 3682 1470 3719 est.
1614 3678 1661 3729 b)
1699 3680 1876 3719 auorum
1912 3690 1935 3717 r
1969 3680 2071 3719 add.
2104 3682 2153 3721 T.
2301 3679 2343 3729 c)
2390 3681 2613 3723 laborante
2639 3684 2692 3722 Δ.

441 3734 486 3787 d)
514 3733 765 3774 traiectiscfi
789 3733 840 3783 A,
868 3733 1178 3773 traiectensem
1205 3742 1313 3774 corr.
1341 3732 1384 3772 V.
1489 3731 1532 3781 e)
1560 3740 1643 3779 que
1669 3731 1721 3771 A.

444 3841 495 3906 1)
552 3838 767 3893 Necrol.
817 3837 1080 3891 Merseb..·
1153 3834 1334 3889 Nonas
1385 3833 1679 3902 Septembr.
1730 3834 2054 3891 Liuthardus
2109 3852 2279 3891 comes
2332 3851 2452 3889 cum
2506 3837 2690 3890 multis

441 3908 668 3963 Lunzini
717 3905 869 3960 obiit.
967 3905 1212 3959 Annales
1263 3904 1607 3959 corbeienses
1655 3911 1833 3958 autem
1882 3908 2083 3961 rectius
2123 3922 2371 3973 pugnam
2418 3907 2506 3959 II.
2545 3906 2691 3959 Non.

442 3977 734 4045 Septembr.
765 3992 819 4029 a.
836 3976 939 4030 929
959 3974 1174 4040 factam
1200 3989 1313 4027 esse
1339 3974 1600 4038 tradunt3
1653 3974 1831 4029 Waitz
1855 3992 1909 4043 p.
1932 3977 2047 4030 128.
2168 3974 2222 4039 2)
2261 3972 2346 4027 Sc.
2376 3980 2542 4028 morte
2570 3989 2691 4027 sua.

442 4046 496 4111 3)
545 4046 808 4101 Ver-satus
845 4050 924 4099 est
956 4044 1037 4097 ibi
1063 4043 1408 4097 Thietmarus
1441 4043 1607 4096 annis
1642 4044 1979 4111 988—10023
2019 4042 2087 4111 cf.
2117 4045 2154 4096 I
2164 4042 2225 4107 V,
2264 4042 2345 4094 16.
2383 4048 2433 4095 et
2471 4042 2567 4107 VI,
2605 4042 2689 4095 44.

441 4116 496 4178 4)
533 4118 582 4168 I.
620 4130 662 4167 e.
679 4114 968 4193 ‚psalmum
1003 4112 1088 4167 99.
1111 4180 1126 4203 ,
1157 4112 1226 4165 L.
1350 4111 1416 4189 ⁸5)
1454 4111 1744 4193 Liutharii
1776 4113 2105 4192 marchionis
2138 4110 2487 4189 (985—1093)
2512 4110 2691 4177 filiam

443 4180 2563 4328 afflata?52031221{zatsshffffeam'zm22'35552’221122532335530255353
2596 4184 2691 4301 555:

447 4322 660 4375 cennali
689 4320 905 4387 penitus
941 4319 1296 4383 destructum,
1340 4320 1653 4385 entelliyere.
1725 4319 1953 4373 KIND.
2118 4317 2171 4381 7)
2222 4318 2546 4371 Baldencus
2582 4318 2690 4385 epi·

443 4390 698 4456 scopatui
726 4388 1056 4443 Traieetensi
1071 4386 1326 4456 praefuit
1348 4386 1649 4449 918—976;
1686 4387 1755 4454 cf.
1778 4387 1998 4452 Hirsch,
2024 4384 2310 4440 ‘Heinrich
2330 4386 2456 4453 ΙΙ),
2495 4389 2532 4440 I
2532 4427 2547 4454 ,
2574 4388 2692 4442 343.

3019 4486 3034 4526 Ρ.
3014 4382 3024 4465 ..μ-.-
3016 4320 3024 4360 „—
3019 4251 3024 4295 ,,,,
