3100 5050
56 6 667 99 ψ’

443 426 546 482 134
1057 423 1464 481 THOETMARI
1497 423 1761 481 GERON.
1830 426 1971 481 LIB.
2006 426 2097 480 VI.

251 588 402 643 1004.
439 576 791 641 Februario
836 597 1073 654 mense,
1116 579 1226 659 qui
1273 578 1689 661 purgatorius
1730 577 1990 656 dicitur,
2042 578 2285 642 clarum
2328 601 2507 643 mane
2549 578 2699 643 illa-

125 677 254 718 ron.
269 678 350 728 111,
372 683 410 720 ι.
442 661 542 725 aeit
585 661 818 739 seculo,
865 667 932 725 et
967 660 1328 741 Heinricus,
1375 663 1497 727 Dei
1531 664 1749 745 gratia
1780 682 1912 738 rex,
1958 670 2439 729 antecessorum
2474 684 2699 728 nevam

440 766 702 811 suorum
756 748 1022 827 cupiens
1075 746 1424 811 emundare
1477 746 1731 832 sibique
1781 748 2034 813 veniam
2134 750 2441 814 romereri
2493 754 2701 814 aeter-

438 851 589 895 nam
633 830 965 915 dispositis
1011 832 1362 897 secundum
1405 834 1641 898 suimet
1680 833 1993 918 placitum
2036 854 2077 897 a
2138 832 2327 898 'haec
2370 834 2699 916 pertinen-

437 916 614 981 tibus
659 917 906 981 cunctis
951 918 1240 999 perrexit
1283 918 1368 981 ad
1411 916 1673 983 domum
1717 938 1921 998 suam,
1966 917 2081 983 ubi
2128 938 2197 982 se
2242 917 2699 1001 corporaliter⁸

437 1022 691 1083 semper
759 1001 1007 1067 solebat
1074 1000 1363 1086 reficere,
1446 1012 1522 1066 ut
1592 1003 1682 1066 ibi
1759 1002 2127 1069 desiderato
2204 1002 2316 1066 diu
2392 1003 2698 1068 alimento

440 1087 763 1170 paululum
804 1093 1208 1152 recrearetur
1250 1088 1316 1151 in
1361 1092 1593 1152 mente.
1682 1086 2183 1171 convocansque
2227 1086 2313 1151 ad
2356 1107 2426 1152 se
2479 1108 2699 1152 omnes

437 1172 620 1256 regni
669 1173 979 1255 primates
1048 1170 1231 1236 dedit
1297 1172 1738 1254 episcopatum
1800 1180 2066 1237 sanctae
2130 1171 2700 1255 Merseburgiensis

435 1256 748 1321 aeclesiae
784 1256 1081 1321 cuidamb
1117 1258 1449 1339 capellano
1486 1259 1744 1339 suimet,
1790 1260 2083 1339 [nomine]
2128 1256 2505 1339 Wig*bcrt0,
2550 1279 2696 1322 cum
2726 1275 2748 1297 *
2768 1288 2821 1327 z»-
2839 1276 2935 1317 8⁰⁵·

435 1341 937 1407 archiantistitis
997 1341 1230 1406 baculo
1293 1342 1641 1426 Taginonis
1659 1354 1702 1421 ⁶,
1765 1364 1909 1408 cum
1974 1364 2101 1426 quo
2161 1344 2327 1427 ipse,
2392 1342 2697 1427 quicquid

435 1432 810 1492 antecessor
860 1433 1016 1491 suus
1068 1426 1305 1491 iniuste
1356 1429 1437 1492 de
1490 1428 1613 1493 hac
1664 1428 1923 1493 auferre
1970 1428 2321 1511 presumsit
2362 1428 2697 1507 aecclesia,

435 1512 836 1577 renovationi
903 1510 1193 1576 eiusdem
1261 1511 1559 1577 arridens
1629 1512 1915 1577 reddidit
1938 1514 1988 1591 ¹,
2069 1513 2504 1578 consentiente
2574 1514 2699 1577 hoc

435 1596 706 1661 Arnulfo
731 1598 1010 1680 presule,
1041 1597 1206 1660 Eido
1237 1617 1492 1680 quoque
1520 1604 1587 1662 et
1602 1596 1982 1663 Hilliwardo
1999 1596 2028 1642 ²
2053 1598 2389 1682 episcopis,
2422 1597 2695 1681 [quibus]

436 1681 711 1746 diocesis
748 1682 862 1747 illa
897 1680 1022 1746 fuit
1057 1681 1283 1755 divisa,
1319 1702 1397 1747 ac
1433 1684 1611 1747 omni
1644 1683 1883 1766 populo
1921 1683 2375 1767 applaudante.
2447 1684 2696 1747 Ductus

435 1786 583 1830 mox
609 1785 754 1830 cum
782 1766 1001 1830 divina
1036 1766 1414 1831 iubilatione
1459 1768 1544 1832 ad
1585 1767 1802 1833 sedem
1832 1789 2014 1832 suam
2044 1768 2412 1851 Wigbertus
2440 1768 2698 1833 *eodem
2728 1784 2853 1835 “soz-
2873 1784 2957 1827 Μ’.

437 1850 542 1915 die
606 1850 690 1916 ab
751 1849 1242 1934 archiepiscopo
1305 1852 1540 1917 suimet
1602 1852 1931 1935 Taginone
2017 1860 2086 1918 et
2150 1874 2192 1917 a
2260 1851 2698 1918 confratribus

436 1935 750 2001 Hillerico
795 1943 860 2001 et
904 1935 1219 2019 Wigone3
1276 1956 1422 2000 cum
1475 1938 1783 2019 predictis
1828 1938 2219 2021 coepiscopis
2262 1945 2696 2002 consecratur.

609 2022 667 2085 2.
723 2020 843 2105 (2.)
920 2020 1187 2085 Interim
1231 2020 1595 2086 Bolizlavus
1646 2043 1763 2087 suo
1814 2022 2032 2088 furore
2086 2029 2151 2086 et
2201 2023 2453 2087 comitis
2500 2022 2693 2087 Hein-

434 2104 600 2171 rici4
643 2106 957 2171 instinctu
999 2126 1302 2188 magnam
1337 2107 1466 2172 vim
1503 2106 1813 2171 Bawariis
1859 2108 2283 2191 omnibusque
2325 2106 2697 2173 concivibus

437 2191 572 2256 suis
615 2191 856 2258 intulit.
958 2191 1057 2256 Ob
1100 2191 1268 2255 hanc
1311 2212 1580 2256 causam
1625 2213 1741 2256 rex
1785 2192 2030 2257 indicta
2072 2196 2254 2274 prius
2291 2191 2697 2277 expeditione

435 2276 680 2340 Milzini
731 2275 893 2341 fines
946 2276 1269 2343 hostiliter
1320 2277 1558 2341 invasit
1616 2283 1700 2355 et,
1754 2278 1823 2341 ni
1876 2277 2201 2361 superflua
2252 2279 2417 2342 nivis
2466 2276 2695 2342 effusio

435 2361 731 2426 celeriter
773 2362 1059 2427 resoluta
1105 2383 1251 2426 eum
1296 2361 1634 2445 inpediret,
1682 2364 1889 2427 omnis
1922 2364 2085 2427 haec
2119 2362 2296 2445 regio
2333 2362 2695 2427 habitatore

434 2452 687 2511 vastata
722 2448 1041 2512 caruisset
1053 2446 1100 2514 ⁵.
1185 2446 1343 2512 Inde
1377 2468 1673 2511 reversus
1708 2448 1914 2513 tristis
1950 2447 2305 2512 Guncelino
2342 2447 2697 2511 marchioni

435 2533 838 2616 caeterisque
888 2534 1143 2616 patriae
1198 2532 1641 2597 defensoribus
1693 2535 1922 2616 positis
1965 2533 2321 2598 auxiliatur
2364 2532 2696 2616 presidiis3

435 2637 514 2681 ac
565 2625 718 2682 tunc
763 2618 1142 2700 Merseburg
1206 2618 1465 2683 veniens
1527 2617 1794 2683 fratrem
1848 2617 2080 2682 suum‘3
2140 2618 2380 2701 fugisse
2433 2617 2516 2681 ad
2564 2617 2695 2682 Un-

435 2703 801 2784 gariorum‘l
869 2703 1126 2787 regem⁷
1199 2704 1420 2767 veniae
1489 2705 1703 2784 gratia
1772 2724 1849 2766 ac
1898 2703 2237 2781 uirendae,
2319 2703 2695 2767 Heinricum

315 2806 320 2812 ·
433 2792 652 2852 autem
695 2789 932 2872 incepti
983 2789 1259 2852 multum
1302 2789 1656 2871 penituisse
1713 2788 1796 2852 ab
1888 2786 1988 2852 dis
2032 2787 2565 2854 intercessoribus
2614 2787 2697 2853 ab

435 2893 510 2938 eo
579 2873 796 2938 missis
869 2875 1199 2956 comperit.
1316 2873 1604 2950 Quorum
1674 2881 1740 2938 et
1811 2873 2088 2938 maxime
2148 2874 2399 2957 percari
2461 2875 2698 2938 suimet

433 2958 818 3040 Taginonis0
888 2967 954 3023 et
1014 2956 1376 3024 Bernhardi
1441 2958 1626 3022 ducis
1689 2959 2200 3040 supplicaciones
2273 2959 2394 3022 etsi
2454 2959 2695 3022 invitus

434 3045 793 3126 suscipiens
823 3045 1076 3127 prefato
1118 3044 1342 3108 comiti
1379 3043 1615 3108 suimet
1640 3045 1917 3125 gratiam
1938 3063 2016 3107 ea
2043 3046 2296 3108 ratione
2313 3042 2602 3120 indulsit,
2622 3049 2695 3106 ut

433 3129 730 3212 predium
767 3128 892 3192 sibi
929 3131 1190 3209 suisque
1225 3127 1591 3194 fautoribus
1638 3136 1704 3192 et
1741 3128 2090 3193 incolatum
2127 3129 2443 3206 redderet,
2479 3129 2694 3211 ipsum

433 3219 672 3293 autem,
729 3214 1036 3296 quamdiu
1092 3214 1426 3292 voluisset,
1480 3213 1549 3276 in
1606 3213 1903 3277 custodia
1955 3213 2298 3280 detineret.
2353 3212 2693 3277 Heinricus

435 3319 582 3362 vero
625 3319 695 3364 se
733 3299 926 3363 nimis
966 3300 1032 3362 in
1077 3297 1372 3363 omnibus
1409 3296 1795 3379 culpabilem
1832 3298 2318 3364 lacrimabiliter
2356 3297 2693 3380 professus

432 3403 612 3448 more
667 3389 730 3448 et
781 3382 1006 3448 habitu
1060 3384 1407 3466 penitentis
1455 3384 1593 3466 regi
1652 3404 1720 3447 se
1772 3383 2046 3448 tradidit
2098 3385 2363 3466 eiusque
2407 3383 2694 3448 iussione

435 3467 554 3532 *ab
589 3469 1031 3551 archipresule
1081 3468 1370 3550 predicto
1415 3469 1482 3532 in
1522 3469 1859 3533 castellum
1896 3469 2291 3535 Ivicanstenf
2331 3467 2697 3532 detruditur
2723 3479 2851 3528 *sot-
2872 3480 2939 3520 98·

434 3552 902 3638 diligenterque
948 3575 988 3617 a
1034 3554 1168 3619 suis
1213 3553 1526 3618 militibus
1572 3553 1676 3618 die
1721 3560 2041 3638 noctuque
2088 3553 2445 3621 servatur*.

547 3692 604 3752 ²¹⁸)
642 3692 845 3772 Effusis
887 3693 946 3745 in
990 3692 1181 3746 dextro
1225 3693 1470 3758 margine
1514 3692 1766 3772 versibus
1808 3694 1841 3744 2
1885 3692 1969 3745 vel
2008 3694 2042 3772 3
2087 3694 2152 3745 N
2188 3692 2250 3744 in
2292 3692 2400 3771 {mo
2445 3691 2692 3744 addidit.-

638 3759 740 3882 {13¹
741 3762 909 3882 igizca
910 3763 1108 3882 ἐξὲξ
1142 3758 1293 3814 aliud
1327 3759 1524 3813 bonum
1561 3775 1690 3827 opus
1736 3775 1794 3812 in
1828 3775 1935 3813 una
1978 3759 2065 3813 die
2100 3759 2417 3827 psalterium
2453 3774 2571 3812 cum
2608 3755 2695 3812 cL

433 3947 478 3996 a)
503 3948 785 3996 oorpmllter
809 3947 863 3986 Δ.
967 3944 1018 3996 b)
1043 3947 1106 3986 ita
1131 3947 1187 3986 Δ.
1204 3947 1278 3994 S.,·
1315 3945 1561 3985 vocabulum
1588 3947 1636 3984 in
1660 3948 1702 3987 1.
1728 3955 1893 3984 eranam
1918 3944 2096 3994 quidun
2111 3945 2257 3994 suine
2281 3944 2463 3984 vidam.
2567 3941 2610 3993 e)
2634 3945 2698 3982 ta-

433 4000 578 4048 tionis
603 3998 662 4047 A3
689 3998 910 4046 taginonis
941 3999 996 4047 T?
1023 3998 1209 4037 taoionis
1235 3997 1427 4036 radendo
1452 3999 1543 4046 ⁰¹4⁸
1570 4008 1704 4046 σον-ης
1732 3995 1951 4046 taginonh
1976 3997 2161 4036 restituit
2188 3997 2231 4035 V.
2338 3995 2385 4046 d)
2422 3997 2438 4034 i
2465 4005 2631 4034 emam
2656 3995 2695 4034 1.

434 4051 478 4101 e)
507 4049 737 4100 daginonis
767 4049 802 4087 V
820 4049 1002 4098 caepim.
1103 4049 1140 4100 f)
1167 4049 1386 4100 legendum
1413 4047 1727 4097 Givlcanstem
1755 4051 1813 4100 es.
1840 4049 1876 4098 1,
1906 4049 1951 4087 θ.

435 4152 488 4219 1)
523 4153 614 4207 De
645 4153 753 4206 hac
784 4153 1126 4207 renovatione
1160 4151 1281 4205 vide
1315 4149 1386 4205 ‘J
1381 4151 1554 4206 ahrb!
1582 4153 1634 4218 I,
1671 4151 1963 4213 279-296,
2008 4150 2197 4204 Uhlirs
2232 4151 2267 4203 l.
2297 4165 2339 4203 c.
2479 4148 2534 4214 2)
2572 4148 2695 4202 Uiti-

434 4221 586 4274 censi
611 4220 967 4276 1002—1032.
1083 4220 1137 4284 3)
1175 4221 1709 4287 Brandenburyensi
1730 4221 1948 4274 992-0.
1970 4219 2123 4273 1019.
2240 4219 2295 4279 4)
2333 4216 2489 4283 Gonf.
2523 4217 2586 4282 V,
2613 4217 2697 4272 38.

433 4288 490 4354 5)
539 4291 714 4352 Quam
751 4288 1145 4355 expeditionem
1179 4287 1328 4341 Ann.
1358 4289 1546 4352 Quedl.
1582 4288 1770 4342 minus
1803 4294 1945 4342 recte
1979 4288 2040 4339 in
2076 4303 2129 4340 a.
2161 4288 2293 4341 1003
2320 4291 2539 4352 ponunt
2551 4303 2570 4350 ,·
2624 4282 2697 4350 cs.

435 4355 671 4411 ‘Jahn-b!
709 4357 762 4418 I,
791 4357 909 4417 299,
937 4373 992 4410 n.
1011 4357 1060 4410 1.
1129 4355 1183 4421 6)
1223 4357 1573 4422 Bruncmem,·
1602 4354 1675 4422 cf.
1707 4356 1768 4417 V,
1798 4357 1883 4410 38.
1962 4353 2017 4418 7>
2054 4354 2391 4422 Stephanum
2418 4355 2467 4407 Ι.
2496 4352 2697 4407 sororis

434 4441 572 4479 suae
605 4425 895 4488 maritum5
931 4422 1004 4490 cf.
1030 4424 1137 4490 IV,
1174 4425 1260 4478 59.
