3100 5050
212 573 348 629 1011

185 640 384 709 (1010).

171 2373 295 2427 Sept.
313 2376 365 2416 28
375 2405 388 2418 .

225 2541 379 2595 1011.

175 2805 299 2847 neo.
318 2805 384 2845 25.

225 2883 376 2939 1012.

195 3317 326 3362 Febr.
345 3320 385 3359 2.

420 412 522 467 168
1028 406 1431 463 ΤΗΙΕΤΜΑΒῙ
1464 405 1726 463 CHRON.
1795 408 1933 463 LIB.
1968 408 2065 463 VI.

587 564 690 629 58.
759 560 1046 626 Predicti
1090 562 1392 639 seniores,
1447 580 1595 625 cum
1647 559 1867 626 urbem
1912 561 2159 645 Glogua
2202 560 2435 626 dictam
2457 560 2507 637 ¹,
2553 559 2664 625 ubi

418 646 778 713 Bolizlavus
822 648 960 730 ipse
1003 646 1222 713 fuerat
1261 667 1340 711 ac
1382 666 1492 711 eos
1535 646 1897 729 perspicere
1942 652 2211 731 poterat,
2257 647 2566 730 gregatim
2604 651 2669 711 et

414 733 670 799 loricati
703 734 1132 811 trans⁸irent⁸‚
1169 734 1444 797 militum
1480 731 1642 796 haec
1674 753 1715 795 a
1751 733 1953 797 muris
1990 733 2383 797 cernentium
2420 732 2667 797 animos

413 825 788 905 provocant3
839 825 907 883 et
933 819 1026 883 hii
1052 818 1280 884 ducem
1307 818 1558 896 suimet,
1595 838 1713 881 cur
1736 818 1861 883 hoc
1884 824 2233 902 pateretur,
2270 818 2666 902 alloquentes

417 904 541 969 sibi
584 903 728 969 ‘eos
772 904 1132 988 temptandi
1172 904 1500 969 licentiam
1543 912 1836 985 poscunt.
1935 903 2181 981 Quibus
2231 904 2391 969 talia
2442 902 2667 968 refert:

417 990 792 1069 ‘Exercitus‚
840 1011 1028 1074 quem
1071 989 1302 1055 videtis
1344 988 1758 1055 multitudine
1794 1011 2079 1073 parvum,
2125 991 2363 1055 virtute
2396 1009 2667 1073 magnus

415 1082 516 1141 est
559 1083 622 1141 et
665 1073 746 1164 [e]
793 1075 1051 1141 milibus
1095 1074 1370 1139 caeteris
1414 1074 1678 1141 electus.
1776 1074 1966 1140 Hunc
2008 1076 2065 1140 si
2108 1074 2475 1159 aggrediar,
2537 1075 2668 1140 sive

413 1162 666 1227 vincam
719 1182 834 1226 seu
886 1160 1268 1244 superabor,
1321 1160 1392 1224 in
1441 1169 1769 1244 posterum
1824 1160 2204 1244 depressusb
2257 1182 2419 1228 sum.
2509 1160 2667 1243 Regi

413 1247 716 1332 possibile
776 1253 898 1325 est,
970 1246 1170 1311 alium
1230 1246 1414 1311 ilicoo
1473 1246 1827 1312 exercitum
1900 1267 2283 1330 congregare
2296 1247 2346 1312 *.
2463 1246 2667 1311 Multo

414 1333 642 1399 melius
687 1338 802 1411 est,
865 1352 982 1397 nos
1024 1332 1144 1397 hoc
1187 1330 1380 1396 modo
1422 1331 1752 1415 pacienter
1795 1331 1963 1397 ferre
2008 1342 2075 1396 et
2116 1332 2300 1411 alias,
2368 1332 2424 1397 si
2466 1333 2670 1415 possit

413 1416 580 1497 fieri,
644 1418 892 1501 absque
952 1438 1184 1501 magno
1245 1419 1454 1482 nostri
1514 1416 1899 1483 detrimento
1962 1417 2087 1481 hiis
2150 1417 2667 1501 superbientibus

415 1504 767 1570 nocere’**.
858 1502 964 1568 Sic
1015 1502 1298 1568 insolens
1350 1502 1629 1567 militum
1685 1504 1937 1567 animus
1990 1503 2256 1568 sedatur
2312 1509 2377 1568 et
2429 1504 2495 1568 in
2547 1503 2669 1569 hoc

414 1590 645 1655 itinere
724 1588 902 1653 nulla
979 1587 1262 1653 eiusdem
1332 1588 1631 1653 voluntas
1709 1589 1777 1653 in
1854 1589 2089 1655 nostris
2168 1588 2667 1653 adversitatibus

415 1676 718 1741 saciatur.
854 1675 1158 1753 Quamvis
1239 1672 1464 1739 crebra
1542 1671 1847 1739 imbrium
1926 1673 2385 1739 inundatione<1
2462 1674 2667 1739 nostri

412 1760 846 1839 tardarentur,
885 1766 1100 1825 tamen
1133 1760 1264 1826 late
1301 1780 1605 1843 magnum
1639 1759 1926 1825 hostibus
1963 1760 2265 1824 damnum
2294 1761 2667 1827 intulerunt.

413 1846 696 1911 Tandem
761 1845 1028 1910 vastatis
1091 1846 1386 1911 omnibus
1450 1846 1944 1929 circumquaque
2004 1845 2364 1912 iacentibus
2424 1844 2668 1911 Boemii

414 1931 500 1997 ad
560 1952 705 2009 sua,
767 1932 978 1996 nostri
1035 1940 1254 1996 autem
1314 1951 1431 2013 per
1483 1931 1813 1996 Milzienos
1874 1930 2032 1996 fines
2094 1932 2252 1997 laeti
2313 1932 2395 1995 ad
2453 1930 2667 1997 Albim

414 2015 811 2096 remeabant3
866 2017 1196 2101 premissis
1252 2018 1400 2081 ilico
1454 2015 1537 2081 ad
1583 2038 1800 2099 regem
1844 2018 2096 2082 nunciis
2116 2028 2142 2059 0
2196 2038 2263 2082 se
2308 2038 2453 2082 cum
2501 2017 2667 2082 bona

412 2103 844 2188 prosperitate
906 2109 1206 2168 venturos
1256 2101 1568 2167 indicant.
1672 2102 1797 2167 Hic
1850 2103 1968 2168 Dei
2020 2104 2233 2185 gratia
2292 2102 2421 2167 iam
2479 2102 2670 2168 benef

413 2188 858 2254 convalescens
897 2188 1281 2271 legationem
1316 2188 1511 2252 istam
1549 2194 1617 2252 et
1662 2209 1826 2270 pone
1872 2195 2207 2272 sequentes
2242 2189 2669 2255 amicabiliter

411 2274 481 2338 in
538 2274 874 2358 Mersburg
942 2275 1226 2358 suscepit
1298 2281 1364 2339 et
1421 2273 1940 2358 archiepiscopus
2009 2274 2254 2357 Tagino
2315 2274 2395 2339 de
2456 2274 2669 2357 Strela

477 2358 646 2511 rius}
680 2382 722 2425 a
764 2380 913 2443 rege
954 2357 1200 2425 divisus
1243 2364 1534 2425 sanctam
1570 2358 1969 2425 Thebeorum
2018 2360 2553 2446 sollempnitatem
2600 2362 2667 2425 in

480 2466 603 2530 aga
648 2445 852 2529 aburg
895 2445 1240 2511 celebravit
1283 2452 1348 2510 et
1391 2444 1476 2510 ad
1518 2466 1731 2530 regem
1779 2446 1905 2510 huc
1947 2446 2285 2511 incolumis
2329 2448 2519 2514 venit.

582 2535 687 2600 59.
733 2531 893 2617 (39.)
953 2531 1278 2597 Tractatis
1310 2539 1467 2597 tunc
1498 2533 1749 2616 patriae
1782 2532 2139 2599 laborantis
2174 2532 2667 2598 necessitatibus

409 2616 705 2702 plurimis
756 2639 872 2682 rex
921 2618 1152 2682 iterum
1207 2618 1636 2684 occidentales
1688 2618 1907 2684 invisit
1956 2618 2291 2702 regiones2
2344 2626 2408 2684 et
2458 2617 2667 2685 flucti-

410 2723 608 2785 vagos
651 2703 1127 2769 habitatorumg
1172 2704 1421 2769 animos
1464 2705 1818 2789 sapientiae
1872 2704 2056 2769 freno
2101 2703 2405 2770 edomans
2454 2705 2666 2770 natale

413 2789 675 2854 Domini
745 2789 972 2855 festiva
1039 2789 1440 2855 iucunditate
1510 2791 1577 2855 in
1644 2789 1886 2854 Palithi
1962 2789 2367 2858 celebravit3.
2489 2791 2667 2856 Tunc

409 2875 650 2940 iterum
693 2873 819 2942 sibi
866 2895 1203 2959 percaram
1246 2874 1621 2958 Merseburg
1665 2875 1885 2941 invisit
1926 2881 1991 2940 et
2033 2874 2292 2941 firmata
2334 2875 2424 2940 ibi
2480 2875 2565 2941 ad
2611 2877 2668 2941 V

409 2980 615 3026 annos
642 2967 867 3027 mutua
894 2958 1140 3048 [pace]h
1167 2982 1312 3025 cum
1341 2961 1607 3026 consilio
1646 2981 2001 3045 paucorum
2026 2962 2251 3026 urbem
2270 2962 2666 3027 Liubusuam

411 3045 695 3112 dictam⁴
737 3045 1038 3112 edificare
1082 3053 1148 3111 et
1190 3044 1568 3112 confirmare
1609 3048 1922 3132 precepit3
1978 3047 2059 3114 de
2107 3069 2236 3132 qua
2289 3048 2475 3113 multi
2523 3070 2667 3133 pre-

410 3131 629 3197 dixere
685 3139 1040 3211 venturum‚
1098 3132 1269 3216 quod
1313 3133 1380 3196 in
1425 3132 1548 3197 hoc
1590 3152 1758 3196 anno
1774 3134 1821 3210 5,
1879 3152 1996 3217 pro
2042 3132 2250 3198 dolor!
2314 3139 2668 3216 agnoscunt

409 3238 536 3283 non
581 3239 721 3283 esse
764 3217 1044 3284 fal*sum.
1133 3217 1234 3283 Ad
1277 3217 1448 3283 hanc
1487 3218 1775 3284 venimus
1820 3220 1888 3283 in
1923 3217 2049 3284 fine
2098 3220 2336 3284 mensis
2381 3219 2667 3285 Ianuarii

413 3310 480 3368 et
531 3302 768 3369 ibidem
820 3309 1081 3369 sanctae
1137 3304 1259 3368 Dei
1310 3304 1641 3387 genitricis
1697 3303 2208 3389 purificationem
2258 3306 2668 3371 veneratione

408 3391 584 3455 iusta
618 3395 996 3474 peragentes
1032 3389 1099 3453 in
1127 3388 1319 3453 XIIII
1357 3389 1586 3454 diebus
1621 3409 1781 3474 opus
1815 3391 2169 3475 inpositum
2205 3391 2660 3476 complevimus

409 3481 476 3540 et
525 3475 804 3560 presidio
872 3475 1096 3541 urbem
1157 3476 1516 3541 munientes
1583 3476 2025 3542 remeavimus,
2132 3475 2322 3542 quta
2372 3476 2539 3542 hanc
2599 3478 2665 3541 in

407 3570 596 3645 parte
647 3561 1013 3644 aquilonari
1058 3561 1220 3626 stat¹
1264 3561 1511 3640 civitas,
1567 3582 1761 3645 quam
1808 3583 1849 3626 a
1889 3560 2185 3645 predicta
2229 3563 2319 3628 nil
2370 3564 2492 3627 nisi
2535 3583 2665 3628 una

2691 749 2714 773 *
2738 764 2786 801 p.
2805 752 2911 792 828.

2693 924 2716 947 ·=
2732 924 2821 973 fot.
2844 924 2949 965 123.

2694 3233 2717 3257 '⁸'
2734 3237 2822 3285 sol.
2844 3237 2959 3280 123‘.

407 3645 635 3712 vallisk
661 3645 919 3727 dividit3
951 3654 1015 3712 et
1040 3647 1108 3711 in
1136 3646 1259 3711 hac
1285 3646 1413 3711 XII
1441 3653 1667 3729 portae
1696 3653 1862 3712 sunt.
1930 3647 2115 3711 Hanc
2142 3667 2286 3712 cum
2329 3648 2666 3732 diligenter
2714 3711 2718 3724 ,

520 3800 576 3866 *)
615 3803 671 3856 et
705 3818 802 3856 nos
837 3803 1112 3883 appetere·
1129 3803 1262 3882 add:
1285 3804 1357 3882 2..

485 3869 578 3936 **)
617 3872 674 3924 et
708 3872 914 3925 nostras
950 3886 1174 3924 iniurias
1209 3868 1482 3924 vindicare
1517 3871 1648 3926 add.
1676 3872 1724 3934 2,
1763 3874 1832 3926 Α.
1860 3871 1917 3926 S.

409 4002 452 4056 a)
476 4016 504 4044 n
534 4005 636 4046 add.
661 4007 710 4046 Τ.
841 4003 888 4056 b)
913 4006 1104 4045 ultimum
1131 4016 1152 4044 s
1180 4005 1284 4046 add.
1307 4006 1357 4046 Τ.
1482 4005 1524 4057 c)
1551 4016 1577 4045 c
1602 4007 1705 4048 aad.
1729 4009 1778 4048 Τ.
1912 4006 1958 4058 d)
1984 4007 2285 4048 imundatione
2309 4010 2349 4047 1.
2477 4009 2518 4056 e)
2546 4017 2665 4050 vere-

406 4057 540 4096 darils
565 4059 609 4108 2,
635 4058 687 4097 A.
710 4058 756 4098 S.
873 4057 908 4105 f)
934 4055 1049 4096 bono
1074 4059 1127 4106 B,
1155 4068 1266 4098 corr.
1291 4058 1340 4098 Τ.
1457 4057 1503 4109 g)
1529 4062 1577 4098 ta
1602 4058 1704 4098 aaa.
1730 4059 1777 4098 Τ.
1882 4057 1931 4107 h)
1956 4069 2081 4110 pace,
2106 4059 2218 4109 quod
2243 4061 2283 4099 B
2300 4062 2399 4109 poet
2424 4070 2663 4109 paucorum

405 4109 642 4160 minorat,
675 4107 746 4148 hie
761 4109 910 4158 posuit
937 4107 985 4149 Τ.
1088 4108 1124 4161 1)
1149 4110 1325 4149 numm
1349 4115 1368 4148 t
1394 4109 1498 4150 cdd.
1519 4111 1569 4150 Τ.
1674 4110 1725 4161 k>
1749 4109 1926 4150 uualdis
1951 4112 2004 4150 B.

406 4226 459 4294 1)
497 4226 731 4296 Gzoqau.
869 4229 924 4295 2)
960 4230 1049 4284 De
1083 4229 1191 4285 hac
1224 4231 1559 4298 expeditione
1593 4247 1642 4285 v.
1672 4230 1911 4286 ‘Jahrbss
1936 4233 2025 4296 II,
2060 4232 2359 4294 310-311;
2396 4233 2467 4292 ef.
2504 4233 2663 4286 etiam

406 4311 582 4363 supra
617 4313 662 4352 c.
689 4299 772 4353 52.
938 4298 992 4360 3)
1043 4299 1168 4352 Hoc
1199 4301 1258 4354 in
1293 4299 1593 4367 Dornburq
1626 4298 1849 4366 factum
1891 4315 2007 4354 esse
2042 4300 2189 4353 Anu.
2228 4299 2381 4353 Hild-
2417 4301 2661 4355 uadunt.

403 4365 459 4429 4)
495 4366 660 4420 Anno
695 4367 797 4421 932
833 4367 1094 4434 dirutam,
1150 4367 1220 4435 cf.
1257 4383 1433 4436 supra
1466 4369 1519 4435 I,
1558 4370 1638 4424 16.
1776 4366 1831 4434 5)
1867 4369 1919 4421 Ι.
1957 4383 1998 4422 e.
2038 4365 2220 4421 eodem
2257 4383 2411 4432 anno,
2462 4370 2662 4424 seilicet

401 4434 566 4501 1012,
616 4433 686 4500 cf.
723 4435 857 4502 VII,
896 4437 978 4492 20.
