3100 5050
1027 429 1434 487 THIETMARI
1470 428 1735 485 CHRON.
1803 429 1945 485 LIB.
1980 430 2046 485 V.
2563 431 2661 486 131

398 589 660 649 rexerat
701 582 1084 649 aecclesiam
1103 583 1146 648 ¹.
1235 582 1407 647 Huic
1456 586 1595 645 tam
1649 600 1838 646 carus
1890 587 2032 645 erat
2082 582 2232 659 iste,
2290 586 2365 645 ut
2415 581 2484 645 in
2528 582 2663 647 vice

179 654 187 662 ’
287 734 290 738 ,
398 668 519 734 filii
579 690 620 732 a
677 688 882 751 puero
943 667 1237 733 nutriens
1290 666 1564 732 eundem
1635 667 1764 731 iam
1830 665 2126 730 adultum
2186 664 2375 731 bonis
2428 666 2665 733 suimet

154 1875 178 1899 *
197 1876 280 1926 soz.
300 1875 368 1917 95.

134 3657 157 3682 *
176 3658 260 3708 sol.
282 3657 359 3699 95‘.

399 752 699 818 omnibus
749 753 1145 837 prefecisset.
1240 752 1512 835 Insuper
1564 749 1749 816 ducis
1802 757 1870 815 et
1919 750 2333 834 imperatoris
2384 753 2663 835 gratiam

397 841 467 903 in
509 844 766 903 tantum
802 839 862 902 ei
905 837 1268 920 acquisivit,
1314 843 1425 902 ut⁸
1468 837 1526 901 si
1571 835 1831 918 quando
1874 856 1944 899 se
1987 836 2069 900 de
2113 836 2235 901 hac
2269 835 2415 900 luce
2447 836 2665 901 divina

396 923 682 988 iussione
733 921 1170 998 subtraheret,
1224 922 1396 986 hunc
1449 920 1578 985 sibi
1630 940 2077 986 successurum
2132 941 2261 985 non
2314 920 2662 989 dubitaret.

399 1006 856 1073 Consummato
915 1012 1072 1072 tunc
1132 1006 1324 1072 huius
1377 1006 1558 1071 exilii
1611 1026 1802 1071 cursu
1849 1054 1864 1069 .
1894 1053 1909 1070 .
1944 1054 1959 1069 .
1974 1006 2005 1045 b
2048 1007 2117 1070 in
2160 1006 2505 1071 sanctitate
2548 1005 2662 1070 ad·
2697 1011 2815 1065 994.

397 1092 682 1157 mirabili
726 1091 1110 1157 venerabilis
1155 1092 1429 1158 antistes
1464 1142 1482 1159 .
1513 1142 1527 1157 .
1558 1140 1603 1169 .,
1648 1111 1797 1155 cum
1840 1091 1972 1154 iam
2018 1112 2222 1175 usque
2266 1090 2353 1156 ad
2392 1098 2664 1157 mortem

396 1184 694 1262 egrotare
739 1177 1034 1259 cepisset,
1089 1177 1406 1241 accersito
1448 1175 1536 1242 ad
1580 1196 1648 1240 se
1692 1175 1928 1240 dilecto
1975 1175 2365 1257 Taginone‘2:
2429 1176 2663 1255 ‘Pone,'

395 1263 634 1346 inquit,
690 1260 831 1341 ‘fili,
887 1282 962 1326 os
1013 1268 1197 1326 tuum
1251 1282 1445 1345 super
1495 1282 1569 1326 os
1622 1281 1863 1339 meum,
1917 1261 2241 1343 accipiens
2292 1283 2333 1327 a
2376 1259 2515 1325 Deo
2568 1262 2665 1325 in-

396 1345 832 1413 sufflationem
893 1346 1161 1428 spiritus
1221 1348 1378 1426 mei,
1440 1353 1514 1412 ut
1527 1395 1543 1425 ,
1606 1344 1996 1428 ubicumque
2038 1346 2271 1412 ardore
2314 1347 2665 1411 iuventutis

394 1432 824 1497 incalescente
866 1432 935 1495 in
977 1432 1232 1514 gemina
1275 1431 1550 1498 caritate
1594 1432 1723 1512 [sis]
1774 1429 2071 1513 frigidus,
2126 1451 2167 1496 a
2202 1451 2453 1496 summa
2486 1436 2665 1514 pote-

397 1523 566 1583 state
627 1517 878 1601 meique
942 1515 1378 1582 benivolentia
1443 1522 2024 1599 temperamentum
2093 1517 2403 1600 accipias;
2473 1522 2541 1581 et-
2608 1517 2664 1581 si

397 1602 559 1667 meis
609 1601 962 1666 honoribus
1013 1601 1290 1667 forsitan
1339 1600 1727 1685 privaberis,
1786 1607 1937 1683 post
1985 1600 2088 1666 bis
2116 1604 2370 1685 *quinos
2420 1601 2665 1666 solares

397 1707 626 1767 annos,
681 1708 828 1751 cum
871 1708 1018 1751 mea
1067 1686 1244 1771 apud
1286 1687 1498 1752 Deum
1550 1686 1659 1751 luo
1712 1686 2085 1765 commissa,
2138 1685 2496 1751 maioribus
2546 1705 2664 1769 pro

397 1778 570 1838 certo
631 1772 1019 1838 laetaberis.’
1126 1772 1286 1837 Post
1327 1772 1488 1837 haec
1544 1772 1644 1835 vir
1694 1777 1975 1850 sanctus,
2030 1792 2175 1836 cum
2228 1770 2424 1836 finem
2477 1792 2665 1837 suum

394 1857 623 1923 adesse
668 1857 770 1921 *in
813 1856 1048 1939 spiritu
1088 1858 1430 1940 presciret,
1487 1857 1681 1922 iussit
1722 1877 1793 1921 se
1836 1856 1903 1920 in
1948 1857 2285 1922 ecclesiam
2328 1858 2661 1940 portare<13

395 1943 801 2025 expletisque
849 1941 934 2006 ab
988 1961 1064 2005 eo
1118 1942 1525 2008 orationibus
1571 1942 1991 2025 caeterisque,
2057 1962 2224 2024 quae
2268 1962 2309 2007 a
2351 1941 2664 2008 fratribus

393 2027 696 2093 facienda
755 2032 968 2105 erant,
1054 2047 1126 2091 se
1185 2048 1333 2091 cum
1393 2027 1518 2092 sibi
1588 2028 1945 2092 commissis
2004 2027 2143 2091 Deo
2208 2026 2663 2093 commendans

393 2112 606 2197 pridie
645 2112 791 2177 Kal.
822 2110 1079 2176 Octobr.
1096 2109 1126 2155 ²
1167 2117 1462 2177 sanctum
1505 2112 1719 2177 emisit
1761 2112 1829 2176 in
1872 2132 2031 2195 pace
2076 2112 2395 2195 spiritum.
2690 2118 2811 2211 ⁸31²ss-
2831 2119 2885 2160 ³⁰

565 2196 673 2265 43.
743 2195 1006 2261 Electus
1048 2196 1155 2261 ille
1201 2196 1281 2261 ab
1327 2198 1645 2263 universis
1688 2196 1775 2263 ad
1818 2198 2276 2279 imperatorem
2318 2197 2511 2275 venit,
2564 2168 2707 2262 set(
2748 2173 2805 2214 ⁰²⁰
2823 2167 2909 2220 ³1)-

394 2282 717 2366 promissa
767 2301 894 2346 non
945 2282 1246 2365 percipit,
1300 2282 1454 2347 dato
1506 2290 1663 2347 tunc
1714 2281 1799 2348 ab
1849 2283 2242 2365 imperatore
2286 2282 2663 2364 episcopatu

396 2366 726 2451 capellano
771 2366 1006 2432 suimet
1040 2364 1444 2435 Gebehardo.
1531 2367 1977 2433 Committitur
2029 2367 2181 2432 huic
2228 2368 2352 2432 iste
2384 2365 2664 2432 fideliter

395 2458 481 2533 et,
518 2452 811 2538 quamvis
839 2450 923 2516 ab
952 2470 1030 2516 eo
1057 2451 1528 2518 honorabiliter
1554 2452 1920 2532 haberetur,
1967 2459 2203 2530 tamen,
2239 2452 2397 2536 quia
2421 2451 2662 2517 bonum

394 2544 462 2604 et
502 2538 744 2602 malum
788 2558 917 2601 non
962 2544 1113 2602 sunt
1155 2537 1243 2603 ad
1285 2539 1535 2622 aliquid
1547 2537 1598 2618 ³,
1642 2559 1772 2603 non
1816 2538 2078 2621 longum
2112 2545 2367 2621 tempus
2401 2558 2549 2603 cum
2584 2558 2662 2604 eo

392 2623 476 2689 ob
527 2643 775 2688 morum
830 2634 1134 2687 suorum0
1184 2624 1698 2706 inequalitatemf
1743 2631 2056 2689 versatur.
2158 2623 2429 2689 Adhesit
2481 2643 2661 2687 nam-

394 2729 518 2792 que
571 2708 722 2772 ilico
775 2707 1083 2772 Heinrico
1135 2714 1289 2773 tunc
1354 2707 1506 2774 duci
1567 2715 1634 2774 et
1683 2713 1950 2794 propter
2002 2708 2369 2774 castitatem
2424 2709 2661 2773 mentis

393 2800 461 2858 et
513 2793 800 2877 corporis
854 2793 916 2856 ei
967 2793 1360 2875 complacuit
1427 2814 1506 2860 ac
1567 2815 1773 2876 usque
1838 2794 1925 2858 ad
1977 2793 2145 2859 hanc
2202 2792 2401 2872 diem,
2465 2813 2658 2876 quam

391 2879 688 2961 prefatus
731 2898 896 2956 sum,
947 2877 1140 2942 malis
1182 2879 1473 2959 moleste,
1525 2879 1712 2944 bonis
1755 2884 2036 2962 accepte,
2092 2877 2358 2962 perdius
2408 2884 2474 2943 et
2560 2897 2658 2941 er-

391 2982 523 3026 nox
575 2963 636 3026 ei
688 2962 976 3040 servivit,
1030 2962 1170 3026 Deo
1216 2970 1282 3028 et
1325 2963 1693 3029 hominibus
1736 2985 1857 3029 sua
1900 2964 2268 3050 specialiter
2314 2963 2508 3048 inpen
2554 2982 2661 3028 ere

394 3053 719 3129 satagens3
778 3044 1308 3135 completur[que]
1365 3049 1450 3113 ob
1492 3049 1618 3114 hoc
1672 3070 1713 3113 a
1764 3070 1915 3132 rege
1974 3055 2242 3132 propter
2292 3049 2500 3114 sancti
2539 3049 2663 3112 viri
2697 3065 2852 3120 1004.

393 3131 478 3196 ab
524 3131 749 3196 eodem
792 3132 980 3197 unice
1032 3131 1254 3197 dilecti
1303 3137 1635 3199 amorem*
1676 3135 2079 3200 veredicumc
2114 3132 2403 3200 eiusdem
2437 3133 2659 3199 vatici-

393 3217 592 3293 nium,
637 3215 924 3281 decursis
969 3222 1142 3295 tunc,
1187 3224 1262 3284 ut
1304 3220 1442 3304 ipse
1486 3217 1763 3284 domnus
1798 3220 2043 3302 Tagino
2088 3239 2239 3300 sepe
2284 3219 2445 3284 mihi
2486 3223 2657 3283 retu-

390 3301 498 3381 lit,
580 3299 800 3366 deoem
870 3321 1190 3366 annorum
1260 3304 1618 3370 curriculis.
1743 3305 1868 3383 Qui
1937 3304 2345 3368 carissimum
2424 3303 2661 3368 suimet

389 3386 721 3451 dominum
774 3406 852 3450 ac
903 3386 1193 3468 reginam
1246 3408 1393 3452 cum
1444 3387 1743 3454 omnibus
1796 3389 2110 3455 consociis
2171 3387 2655 3471 multiplicibus,

389 3478 464 3538 ut
516 3470 761 3550 decuit,
829 3471 1109 3536 honorat
1161 3473 1535 3539 muneribus
1597 3494 2006 3558 nequaquam
2068 3495 2224 3539 suae
2272 3473 2658 3556 benignitati

391 3557 478 3622 ad
521 3555 646 3620 hoc
689 3555 1198 3641 subpetentibus.

559 3641 664 3708 44.
722 3639 886 3726 (26.)
973 3639 1179 3705 Inde4
1232 3662 1349 3707 rex
1398 3662 1547 3707 cum
1601 3641 1826 3707 eodem
1878 3642 1963 3708 ad
2015 3643 2378 3710 cas*tellum
2431 3643 2655 3724 ipsius,
2682 3665 2777 3705 Im.
2800 3666 2869 3706 ει.

387 3726 646 3791 nomine
673 3725 1095 3790 Givikansten
1106 3726 1154 3805 ¹¹,
1201 3747 1474 3810 pergens
1502 3728 1736 3807 omnia,
1785 3748 1951 3811 quae
1983 3727 2226 3793 ibidem
2262 3726 2348 3792 ab
2376 3725 2656 3792 Gisilero

499 3862 557 3928 ²¹⁸)
593 3863 793 3984 quuglpaze
805 3877 952 3984 a{luis
984 3861 1225 3916 nutritor
1271 3862 1440 3930 ipsius
1489 3864 1636 3934 regis
1674 3865 1861 3920 extitit
1895 3865 2026 3922 add.
2066 3867 2124 3929 2;
2170 3881 2299 3919 nam
2343 3866 2400 3919 et
2442 3881 2492 3918 n.
2534 3864 2573 3916 i.
2612 3880 2655 3918 r.

387 4028 433 4184 a}
457 4030 570 4071 dact
585 4033 625 4071 1.
745 4029 794 4081 b)
813 4033 913 4082 ped
930 4040 1067 4070 cursu
1084 4031 1296 4081 quattuor,
1315 4035 1416 4082 ραι
1433 4034 1619 4074 and-tes
1636 4035 1885 4083 mommsen
1900 4036 2138 4075 litemus·
2154 4035 2340 4085 spatiu-
2356 4043 2523 4073 m
2537 4035 2599 4072 ut
2612 4033 2654 4074 1.

387 4092 412 4120 c
469 4083 644 4132 mone
668 4081 732 4132 A‚·
777 4083 954 4122 tuotone
987 4080 1180 4121 radendo
1213 4083 1306 4131 αἶρε
1339 4095 1450 4124 oon.
1477 4087 1521 4126 1.
1650 4085 1699 4134 d)
1742 4086 1907 4134 portu-1
1938 4086 2131 4126 radendo
2290 4095 2416 4136 eom,
2451 4087 2489 4125 d
2524 4084 2586 4124 ita
2609 4085 2652 4124 2.

386 4142 412 4172 ο
459 4142 635 4173 suarum
652 4133 706 4172 A.
785 4133 824 4185 ί)
851 4133 1138 4182 inequalitas
1154 4135 1196 4172 1.
1283 4131 1333 4185 g)
1357 4134 1604 4175 veridicum
1620 4135 1813 4177 radendo
1829 4147 1937 4177 corr.
1956 4139 2048 4186 atq·
2064 4138 2105 4178 1.
2192 4139 2224 4177 h
2266 4134 2580 4186 niumm-taen
2596 4134 2651 4175 A.

389 4216 442 4284 1)
477 4219 549 4273 A.
575 4218 865 4277 972—994.
995 4217 1050 4283 2)
1087 4219 1309 4274 Neerol.
1334 4221 1505 4276 Mers.
1534 4220 1650 4276 Oct.
1678 4224 1776 4277 31:
1822 4221 2122 4292 vulfgangi
2149 4223 2309 4292 episc.
2438 4222 2495 4290 3)
2530 4225 2583 4277 Ι.
2610 4239 2654 4278 e.

385 4300 496 4340 non
538 4287 875 4341 conveniunt.
945 4285 1016 4340 L.
1181 4285 1237 4350 4)
1285 4287 1408 4343 Rex
1451 4305 1577 4344 cum
1618 4291 1711 4344 die
1754 4291 1880 4345 Ian.
1916 4290 1987 4346 30
2031 4293 2348 4359 sepulturae
2390 4289 2658 4347 Gisilhen

386 4353 804 4432 &aydam-mii,
855 4353 1022 4408 Febr.
1059 4354 1094 4407 2
1139 4357 1536 4412 consecrationi
1568 4358 1873 4427 Taqt‘nonis
1914 4359 2287 4427 Mereatur-qiu·
2324 4357 2654 4427 tumuerit,

385 4425 571 4476 mum
601 4421 735 4475 illuc
751 4423 916 4486 facto
950 4422 1060 4476 duo
1095 4421 1213 4478 dies
1244 4425 1374 4481 Ian.
1398 4426 1466 4481 31
1502 4431 1556 4482 et
1587 4427 1755 4482 Febr.
1783 4428 1815 4480 1
1848 4427 2242 4496 relinqtaumr.

2272 4529 2345 4585 9.
