3100 5050
333 610 452 666 975.

485 447 556 501 50
1081 443 1487 501 ΤΗΙΕΤΜΑΒΙ
1524 443 1787 502 CHRON.
1856 445 1998 503 LIB.
2034 444 2141 503 111.

490 599 864 664 aecclesiam
918 601 1168 683 portari
1217 606 1605 685 posteraque
1658 600 1761 666 die
1814 601 2071 685 sepeliri
2123 593 2325 665 iussit.
2445 599 2565 665 Hic
2586 649 2600 678 ,
2666 605 2740 666 ut

486 686 670 750 aiunt
711 685 948 770 populi,
991 686 1197 752 tercia
1236 692 1424 752 nocte
1464 687 1650 769 quasi
1686 685 1765 752 de
1802 688 1978 771 gravi
2029 707 2252 752 somno
2296 687 2739 769 expergiscens

485 771 732 836 audivit
792 778 1127 836 sonantem
1187 792 1563 856 campanam
1627 778 1717 851 et,
1781 779 1853 838 ut
1914 774 2239 857 aperirent
2296 773 2357 836 ei
2418 772 2737 851 velociter,

484 864 670 923 terna
721 857 1193 923 exclamacione
1244 858 1507 942 rogavit.
1617 857 2115 943 Obstupefactus
2166 860 2253 938 is,
2316 857 2427 941 qui
2472 858 2735 937 audivit,

485 944 883 1026 Evurgerum
951 943 1271 1028 prefatum
1333 943 1664 1008 custodem
1733 945 2110 1024 aecclesiae,
2172 951 2245 1010 ut
2296 945 2590 1028 episcopo
2645 942 2739 1007 la-

485 1029 743 1094 boranti
801 1036 1229 1108 succurreret,
1291 1029 1741 1114 interpellavit.
1843 1031 1968 1108 Qui
2026 1030 2302 1096 eundem
2357 1051 2473 1114 per
2524 1030 2738 1094 omnia

483 1116 682 1182 fuisse
735 1117 1072 1180 mentitum
1126 1115 1458 1180 affirmans
1520 1136 1750 1200 magno
1814 1116 2134 1199 percussit
2185 1116 2439 1196 baculo;
2518 1117 2737 1199 sicque

293 1231 367 1261 un.
443 1203 724 1287 .quievit
789 1202 974 1267 divae
1041 1202 1260 1286 presul
1337 1202 1679 1266 memoriae
1708 1201 1856 1269 ·111.
1910 1202 2054 1268 Kal.
2103 1203 2253 1268 Iulii
2270 1204 2311 1268 ¹.
2422 1202 2739 1285 Apparuit

293 1565 416 1630 (975

252 1641 346 1682 xm.
371 1642 452 1693 ιο).

243 1885 353 1925 Acta
379 1896 450 1935 ιι).

277 1941 338 1986 ιο,
363 1940 428 1978 34.

482 1294 698 1353 autem
757 1284 858 1376 [is]
916 1306 1066 1352 mox
1121 1287 1421 1353 Liudulfo
1474 1285 1739 1352 abbati²
1785 1287 2030 1353 dicens:
2076 1289 2406 1372 ‘Requiem
2451 1295 2735 1352 eternam

481 1374 666 1440 nobis
711 1374 1016 1439 cantate?
1073 1380 1139 1438 et
1182 1374 1442 1439 evanuit
1487 1370 1592 1461 [ab
1638 1372 1839 1438 oculis
1892 1375 2049 1442 ciue.
2146 1374 2355 1440 Huius
2405 1375 2543 1439 vice
2586 1374 2735 1438 Wa-

480 1459 704 1525 rinus³
757 1459 1075 1525 eleccione
1132 1465 1198 1525 et
1240 1461 1629 1544 inperatorio
1674 1481 1934 1524 munere
1983 1461 2275 1543 protinus
2314 1456 2733 1547 ungitur]⁸·*.
2826 1499 2833 1503 -

652 1549 711 1614 5.
755 1545 872 1632 (3.)
934 1545 1226 1610 *Mortuo
1264 1566 1518 1629 quoque
1546 1544 1845 1625 Robert0‚
1878 1545 2286 1628 Magontinae
2324 1545 2492 1612 sedis
2529 1546 2735 1610 archi·
2765 1559 2972 1610 *soz-36.

479 1633 734 1717 presule
746 1632 795 1711 4,
840 1634 1171 1716 inperator
1207 1630 1657 1696 cancellarium
1712 1631 1949 1696 suimet
1996 1632 2251 1696 nomine
2292 1631 2733 1714 Willigisum5,

480 1719 700 1784 multis
743 1717 864 1782 hoc
909 1717 991 1783 ob
1030 1718 1340 1782 vilitatem
1386 1718 1487 1782 sui
1531 1718 1781 1800 generis
1824 1716 2303 1797 rennuentibus,
2351 1717 2555 1782 eidem
2591 1739 2733 1801 pre—

480 1804 634 1869 fecit
685 1803 1053 1871 aecclesiae.
1151 1803 1410 1869 Sciebat
1463 1805 1633 1868 enim
1680 1803 1868 1868 Petro
1920 1805 2298 1869 attestanteb
2318 1854 2333 1883 ,
2388 1802 2560 1888 quod
2613 1825 2735 1868 non

478 1902 566 1956 est
605 1913 1011 1976 personarum
1064 1901 1345 1976 acceptor
1387 1889 1586 1965 Deus,
1646 1889 1757 1954 sed
1812 1910 2031 1955 omnes
2086 1911 2152 1955 se
2210 1911 2289 1954 ex
2341 1889 2533 1954 corde
2587 1888 2731 1954 dili—

478 1983 699 2060 gentes
725 1997 838 2061 pre
867 1977 1142 2041 caeteris
1169 1981 1364 2055 amat,
1394 1974 2003 2058 inconprehensibili
2030 1974 2271 2041 honore
2296 1995 2733 2042 remunerans

480 2063 772 2140 Qualiter
814 2072 1033 2127 autem
1079 2060 1283 2126 *hunc
1325 2068 1650 2145 pastorem
1694 2061 1985 2126 futurum
2047 2060 2266 2127 divina
2322 2063 2528 2146 pietas
2588 2081 2731 2144 pre-
2761 2074 2782 2097 *
2808 2089 2853 2126 v·
2878 2079 2967 2119 '160-

479 2149 841 2232 signaverit,
885 2167 1012 2212 non
1058 2153 1156 2213 est
1191 2147 1525 2212 silendum.
1615 2147 1825 2213 Huius
1862 2154 2086 2226 mater,
2133 2149 2424 2232 quamvis
2458 2169 2732 2232 pauper·-

479 2235 641 2314 cula,
695 2241 932 2313 tamen,
987 2240 1060 2299 ut
1099 2234 1169 2298 in
1214 2231 1625 2317 sequentibus
1670 2240 1955 2317 apparet,
2008 2233 2196 2312 bona,
2252 2234 2403 2299 dum
2459 2233 2727 2299 eundem

478 2323 544 2385 in
607 2327 789 2386 utero
847 2326 1168 2406 portaret,
1240 2319 1402 2384 vidit
1459 2339 1577 2403 per
1638 2320 1979 2398 somnium,
2053 2319 2226 2404 quod
2289 2321 2381 2384 sol
2446 2342 2479 2385 e
2550 2321 2731 2384 sinu⁰

479 2407 714 2472 suimet
768 2406 1019 2490 fulgens
1075 2412 1280 2471 totam
1337 2403 1542 2470 radiis
1602 2403 2083 2470 flammantibus
2136 2407 2415 2488 repleret
2468 2412 2727 2471 terram.

477 2493 561 2559 Et
611 2495 678 2558 in
730 2513 807 2558 ea
860 2498 1071 2573 nocte,
1134 2513 1263 2577 qua
1315 2488 1518 2580 [haec]
1572 2491 1766 2557 talem
1820 2493 2074 2575 peperit
2132 2491 2470 2570 infantem,
2536 2492 2731 2558 simili

482 2579 932 2662 procreacione
981 2585 1192 2644 totum
1243 2577 1368 2642 hoc
1420 2579 1803 2657 iumentum,
1861 2578 2032 2661 quod
2084 2579 2223 2663 ipsa
2268 2579 2334 2643 in
2378 2578 2567 2645 domo
2612 2600 2731 2644 sua

477 2665 732 2745 habuit,
788 2666 976 2749 quasi
1025 2662 1573 2749 gratulabundum
1628 2664 1920 2729 dominae
1972 2664 2322 2749 respondit.
2420 2665 2561 2743 Ille,
2617 2666 2729 2749 qui

475 2758 631 2816 tunc
657 2758 850 2817 natus
879 2757 996 2828 est,
1036 2751 1133 2816 sol
1161 2756 1318 2829 erat,
1356 2751 1510 2834 quia
1545 2761 1807 2816 sanctae
1842 2750 2299 2835 predicationis
2336 2772 2491 2816 suae
2525 2750 2729 2816 radiis

475 2838 674 2903 corda
730 2836 1074 2903 multorum
1133 2857 1172 2901 a
1228 2835 1469 2902 Christi
1529 2838 1801 2901 caritate
1859 2838 2253 2919 torpentium
2308 2836 2540 2901 illuxit.
2644 2837 2731 2901 Et

474 2924 716 2990 idcirco
779 2924 844 2988 in
905 2924 1046 2988 eius
1107 2923 1445 2987 nativitate
1505 2922 1846 2988 masculini
1901 2944 2090 2988 sexus
2143 2921 2459 2987 mirabilis
2512 2923 2728 2987 multi-

475 3010 630 3075 tudo
677 3011 978 3094 gignitur,
1027 3010 1180 3093 quia
1222 3008 1319 3073 vir
1356 3009 1479 3073 Dei
1523 3008 1608 3074 ad
1644 3008 1915 3074 salutem
1956 3009 2207 3093 patriae
2244 3010 2443 3074 totius
2479 3030 2729 3074 summa

475 3094 1022 3179 predestinatione
1090 3104 1476 3178 regnaturus
1546 3096 1853 3162 exoritur.
1972 3096 2153 3160 Felix
2224 3101 2454 3175 mater,
2535 3116 2728 3179 quam

480 3183 786 3249 Dominus
829 3203 944 3266 pre
989 3182 1261 3247 caeteris
1303 3179 1885 3265 contemporalibus
1921 3182 2053 3246 suis
2090 3183 2155 3245 in
2191 3186 2442 3247 tantum
2480 3181 2730 3247 *visita-
2759 3194 2885 3246 *sot-
2906 3197 2991 3238 ³6¹.

476 3270 594 3347 vit,
655 3274 728 3333 ut
784 3267 1032 3353 prolem
1090 3265 1512 3332 nobilioribus
1571 3287 1683 3332 coe
1736 3266 1941 3331 nalem
1973 3266 2097 3332 'vel
2154 3267 2349 3333 etiam
2406 3267 2729 3332 nonnullis

475 3355 800 3419 meliorem
854 3360 1114 3437 pareret
1167 3359 1230 3418 et
1283 3358 1578 3417 ostensae
1630 3349 1710 3441 [si
1758 3348 1801 3439 i]
1860 3352 2121 3418 visionis
2185 3374 2362 3437 spem
2416 3353 2619 3419 oculis
2663 3362 2729 3417 et

473 3462 544 3505 re
589 3442 730 3525 ipsa
771 3461 993 3521 veram·
1015 3458 1174 3505 'esse
1217 3437 1540 3523 probaret.
1632 3438 1760 3504 Sed
1804 3439 1963 3503 haec
2006 3440 2171 3504 alias
2218 3440 2419 3507 dicod.

586 3564 644 3630 *³
681 3563 890 3686 1333}ss
919 3560 2624 3698 22ffi22⁹·..22343.2,23⁸353123.21252305²²²i⁶ffssffttz⁸ffit¹⁴5tt0sst
2647 3576 2727 3683 zi·

677 3649 960 3755 &einricus
1009 3698 1375 3753 Bawariorum
1424 3698 1528 3751 dux
1576 3701 1762 3765 captus
1812 3700 1896 3752 est
1948 3701 2004 3752 et
2053 3697 2121 3753 ad.
2158 3698 2395 3753 Gilhiem
2412 3696 2437 3736 ⁶
2471 3697 2727 3753 deductus

679 3771 833 3823 caute
869 3768 1181 3822 custoditur.
1252 3766 1320 3821 In
1353 3765 1452 3821 hoc
1487 3784 1625 3821 anno
1650 3767 1843 3821 hiemis
1878 3768 2137 3836 asperitas
2164 3768 2327 3837 longa
2352 3766 2463 3821 fuit
2498 3770 2555 3822 et
2590 3768 2729 3821 sicca

679 3840 735 3891 et
768 3853 968 3906 magna
1011 3836 1102 3891 nix
1147 3834 1436 3890 effunditur
1482 3836 1724 3891 caelitus.
1740 3836 1764 3875 ⁷
1847 3838 2005 3891 Idem
2040 3854 2197 3893 eraso
2242 3838 2301 3891 in
2339 3838 2531 3891 dextro
2565 3838 2732 3891 huius

677 3908 825 3961 imae
847 3906 1090 3975 payinae
1117 3922 1237 3959 mar
1273 3906 1362 3958 ine
1397 3921 1621 3959 numero
1648 3902 2103 3960 DCCCCLXXX⁰
2142 3907 2201 3960 in
2229 3921 2439 3961 summo
2465 3908 2733 3976 sequentis

676 3991 850 4042 mara.
885 3976 1100 4031 addidit
1134 3970 1226 4027 Dc
1271 3971 1551 4029 CCLXXV
1566 3982 1603 4025 ⁰.

471 4077 515 4131 a)
549 4080 605 4119 ab
641 4098 694 4107 --
731 4078 908 4129 ungitur
941 4079 988 4118 in
1021 4078 1179 4117 ultimis
1208 4078 1394 4127 paginae
1428 4077 1552 4116 linuit
1589 4088 1677 4117 una
1714 4080 1751 4116 et
1786 4078 1967 4117 dimidia
2008 4078 2131 4117 anem
2166 4076 2313 4116 vacuit
2346 4078 2501 4117 alieti:
2535 4076 2638 4117 aad.
2678 4078 2728 4118 Τ.

472 4132 518 4182 b)
547 4132 723 4171 alterum
749 4136 768 4169 t
794 4130 898 4171 add.
923 4132 972 4171 T.
1077 4128 1121 4179 c)
1150 4129 1302 4168 esslnu
1328 4128 1380 4167 A.
1486 4129 1532 4179 d)
1558 4128 1657 4179 pleo
1684 4128 1735 4179 A,
1764 4140 1871 4169 corr.
1899 4130 1946 4169 Τ.

473 4219 526 4282 1)
580 4219 674 4272 Ex
712 4220 875 4273 Necr.
914 4217 1166 4283 Merseb„
1220 4216 1294 4282 cf.
1332 4216 1494 4271 Necr.
1529 4215 1797 4271 Gladbac.
1957 4216 2011 4281 2)
2067 4214 2375 4270 Gorbeicnsi
2406 4215 2729 4277 965—983;

471 4303 519 4341 v.
557 4289 642 4350 ΙΙ,
684 4288 764 4341 18.
931 4286 985 4353 3)
1039 4285 1294 4353 Archiep.
1333 4284 1443 4340 Col.
1479 4286 1769 4341 975—985.
1934 4284 1990 4348 4)
2048 4284 2159 4348 Qua·
2188 4285 2403 4341 sederat
2436 4286 2731 4339 970-975.

473 4357 526 4423 5)
565 4356 938 4411 Cancellarius
970 4354 1093 4423 fuit
1133 4356 1232 4410 971
1249 4382 1318 4393 —
1333 4356 1434 4410 975
1448 4395 1464 4421 ,
1516 4355 1831 4422 archiepisc.
1871 4355 2119 4421 Mayont.
2166 4360 2219 4407 et
2252 4354 2731 4421 archicapellanus

471 4426 796 4480 975—1011.
965 4424 1019 4491 6)
1067 4422 1393 4493 Inqelheim5
1439 4438 1542 4490 pro
1590 4420 1892 4491 Ingelhiem
1940 4421 2085 4488 falso
2128 4422 2321 4478 lectum
2368 4422 2425 4476 in
2472 4422 2727 4476 Gilhiem.

489 4496 541 4565 7)
580 4496 670 4549 Ex
709 4497 857 4549 Arm.
897 4495 1206 4559 Quedlinb.;
1244 4490 1316 4556 cf.
1352 4492 1498 4545 Anu.
1539 4492 1691 4546 Had.
1728 4509 1781 4547 a.
1818 4491 1921 4546 974
1954 4498 2005 4547 et
2038 4492 2155 4548 975.
