3100 5050
875 392 1281 445 THIETMARI
1318 389 1583 445 CHRON.
1655 392 1792 444 LIB.
1829 392 1937 445 VII
1975 391 2114 454 (VI).
2528 394 2627 449 191

363 544 734 608 Marierunl
789 544 964 608 dicta
1017 544 1277 622 habuit3
1335 544 1509 625 quod
1567 563 1752 606 omne
1806 544 1904 606 is⁸
1956 548 2021 606 et
2074 564 2474 607 successores
2529 544 2630 607 sui

361 629 664 711 superbia
700 630 935 693 tumidi
969 628 1406 712 perdiderunt,
1457 630 1614 711 quia
1650 630 1849 691 omnis
1892 628 2217 692 humilitas
2253 629 2627 711 euvangelio
2655 647 2941 697 mansam.

361 721 541 793 teste,
579 717 795 779 crescit
819 726 874 779 et
901 716 1310 799 art-oqantiae
1339 714 1692 777 sublimitas
1717 716 2087 776 minoratur.
2164 714 2313 777 Sine
2348 715 2629 777 maximo

361 800 590 863 timore
651 800 718 863 in
782 802 906 863 hiis
967 800 1182 862 nullus
1245 799 1619 863 dominatur
1678 799 2045 881 provinciis
2156 798 2408 864 Caritas
2465 822 2630 883 pura

361 886 563 967 gemit
591 886 911 967 exclusab,
941 886 1098 967 quia
1123 890 1350 967 regnat
1376 885 1616 948 ibidem
1641 884 1995 967 periurium
2018 904 2162 947 cum
2182 884 2410 949 fraude
2432 886 2627 951 socia.

75 990 330 1039 *sol.14o¹.
528 971 632 1033 40.
683 970 845 1053 (61.)
918 970 1263 1053 *Superius
1312 968 1442 1055 [de]
1483 969 1833 1034 universali
1867 988 2039 1049 papa
2074 968 2372 1033 Brunone
2408 968 2625 1053 dispu-

359 1053 544 1118 tans2
597 1076 741 1119 oum
787 1076 1224 1120 successorem
1283 1058 1422 1119 eius
1471 1054 1855 1119 Gerbertum
1911 1060 2165 1119 tantum
2209 1056 2627 1135 nominarem,

361 1147 440 1204 ut·
477 1141 558 1203 de
604 1160 677 1204 eo
723 1141 929 1205 lacius
975 1140 1221 1224 aliquid
1269 1140 1568 1218 scribam,
1616 1161 1739 1203 non
1786 1142 2211 1221 incongruum
2259 1148 2374 1204 est.
2465 1141 2630 1204 Erat

360 1226 414 1289 is
451 1232 642 1289 natus
680 1225 760 1289 de
797 1225 1084 1290 occiduis
1116 1226 1506 1309 regionibus,
1558 1247 1599 1289 a
1622 1246 1821 1310 puero
1850 1224 2101 1289 liberali
2129 1231 2308 1289 arte⁰
2342 1227 2628 1291 nutritus

361 1317 425 1374 et
480 1310 564 1373 ad
622 1311 920 1375 ultimum
981 1312 1396 1377 Remensem‘1
1453 1311 1677 1376 urbem
1742 1311 1825 1374 ad
1888 1310 2237 1393 regendum
2300 1309 2629 1397 [iniuste]0

357 1395 754 1479 promotus3.
856 1396 1108 1480 Optime
1163 1397 1444 1461 callebat
1495 1405 1820 1461 astrorum
1879 1417 2105 1460 cursus
2158 1396 2521 1460 discernere
2567 1402 2633 1459 et
2668 1406 2831 1472 (991).

360 1481 862 1563 contemporales
900 1503 1050 1546 suos
1085 1482 1304 1546 variae
1341 1482 1502 1547 artis
1539 1482 1781 1547 noticia
1819 1502 2141 1565 superare.
2218 1482 2338 1545 Hic
2369 1482 2630 1545 tandem

360 1588 401 1630 a
442 1565 680 1630 finibus
725 1568 860 1631 suis
907 1568 1210 1650 expulsus
1257 1568 1557 1632 Ottonem
1611 1568 1808 1648 peciit
1850 1568 2311 1649 inperatorem3
2373 1575 2438 1631 et
2482 1588 2630 1631 cum
2669 1576 2831 1641 (994).

360 1672 434 1716 eo
499 1651 608 1715 diu
668 1660 1082 1717 conversatus
1153 1654 1220 1717 in
1284 1652 1728 1735 Magadaburg
1792 1652 2145 1735 oralogium
2208 1652 2389 1732 fecit,
2466 1653 2629 1717 illud

357 1742 532 1801 recte
597 1739 1025 1817 constituenS,
1101 1737 1508 1802 considerata
1569 1759 1688 1821 per
1747 1736 2029 1801 fistulam
2095 1738 2375 1821 quadam
2442 1738 2630 1802 stella

357 1824 736 1887 nautarumf
767 1822 992 1889 duce4.
1065 1824 1219 1887 Post
1251 1822 1412 1887 haec
1457 1829 1677 1888 autem
1720 1822 2013 1906 predicto
2062 1821 2277 1909 [papa]
2316 1822 2628 1907 Gregorio
2668 1832 2829 1897 (999).

358 1907 661 1972 defuncto
725 1910 781 1972 is
837 1910 1052 1991 gratia
1105 1908 1492 1991 inperatoris
1548 1908 1758 1971 eidem
1815 1910 2126 1972 successit
2178 1914 2243 1973 et
2296 1930 2499 1991 usque
2546 1909 2629 1973 ad

358 2001 612 2077 tempus
658 1992 949 2058 Heinrici
991 1994 1162 2075 regis
1209 1992 1498 2073 sedebat,
1558 1993 1863 2058 Silvester
1904 1999 2168 2057 vocatus
2185 1994 2231 2058 ⁵.
2324 1995 2399 2057 In
2445 1995 2628 2059 ouius
2668 2005 2865 2068 (1003).

358 2080 493 2143 vice
547 2078 865 2143 Iohannes
901 2078 1160 2141 Phasan
1221 2076 1312 2165 [id
1365 2084 1465 2143 est
1515 2076 1749 2165 gallus]
1804 2080 2053 2161 positus
2108 2079 2323 2143 sedem
2376 2087 2627 2162 aposto-

356 2165 549 2228 licam
586 2164 726 2228 dies
763 2164 886 2227 sibi
924 2166 1300 2228 commissos
1336 2164 1663 2246 regebatss,
1712 2164 1833 2229 sub
1870 2185 1999 2245 quo
2038 2165 2353 2228 aecclesia
2393 2165 2629 2229 Merse-

356 2249 722 2331 burgiensis
779 2255 1127 2314 renovatur
1183 2257 1249 2314 et
1303 2250 1622 2333 privilegii
1669 2252 2059 2314 auctoritate
2113 2251 2214 2313 sui
2259 2249 2625 2314 roboratur.

356 2334 527 2399 Huic
589 2334 1020 2399 succedebant
1079 2335 1382 2417 Sergius⁷
1457 2333 1617 2422 [‘qui
1676 2334 2026 2399 vocabatur
2087 2334 2291 2397 bucca
2354 2333 2625 2420 porci'ss]
2668 2344 2862 2412 (1009).

356 2427 552 2503 atque
605 2420 994 2485 Benedictus
1008 2419 1055 2499 8,
1111 2420 1301 2485 ambo
1354 2421 1637 2504 preclari
1690 2427 1755 2484 et
1808 2419 2313 2484 consolidatores
2360 2420 2565 2483 nostri
2580 2418 2627 2486 9.

525 2507 629 2574 41.
691 2506 790 2570 Ab
829 2505 1125 2571 omnibus
1162 2506 1288 2570 hiis
1325 2504 1771 2570 sacerdotibus
1808 2505 2075 2570 summis
2112 2505 2424 2569 adventus
2460 2505 2629 2588 regis
2667 2514 2863 2581 (1012).

357 2593 704 2657 admodum
763 2592 1198 2671 desideratur,
1253 2591 1369 2659 sed
1424 2591 1821 2655 diversorum
1877 2591 2304 2654 reluctatione
2350 2591 2627 2655 hostium

355 2677 468 2741 diu
512 2678 834 2744 tardatur.
924 2678 1312 2742 Benedictus
1358 2677 1445 2741 sit
1487 2677 1557 2740 in
1603 2678 1853 2741 cunctis
1898 2675 2201 2758 operibus
2247 2678 2381 2740 suis
2424 2677 2630 2740 omni-

353 2769 580 2846 potens
616 2764 810 2842 DeuS,
859 2766 969 2846 qui
1005 2765 1276 2827 Romam
1320 2763 1513 2845 longo
1557 2768 1845 2845 tempore
1892 2783 1931 2824 a
1974 2761 2194 2826 multis
2231 2761 2629 2843 temporibus

358 2848 772 2928 depressamh
815 2849 932 2911 tali
977 2854 1234 2932 pastore
1280 2847 1602 2912 consolari
1648 2855 1712 2911 et
1753 2846 2098 2931 pacificare
2155 2847 2457 2930 dignatus
2501 2849 2627 2913 estl

357 2931 653 3014 Namque
723 2953 895 3016 papa
957 2933 1342 2998 Benedictus
1416 2934 1726 3012 Gregorio
1798 2932 2107 3016 quodami
2177 2933 2245 2995 in
2316 2933 2629 2997 electione

86 3035 214 3086 *s01·
236 3037 328 3074 141.
355 3017 692 3101 prevaluit.
785 3018 883 3081 Ob
921 3018 1040 3082 hoc
1076 3020 1198 3083 iste
1234 3019 1361 3082 adk
1395 3019 1825 3082 na*tivitatem
1864 3018 2254 3082 dominicam
2291 3017 2375 3080 ad
2411 3038 2629 3099 regem
2667 3027 2863 3092 (1012).

363 3103 429 3167 in
485 3102 728 3166 Palithi
779 3105 953 3166 venit
1013 3125 1158 3167 cum
1220 3105 1393 3167 omni
1452 3105 1689 3187 paratu
1741 3104 2121 3187 apostolico,
2187 3103 2631 3185 expulsionem

360 3208 546 3252 suam
599 3187 895 3252 omnibus
950 3188 1359 3253 lamentando
1411 3189 1839 3254 innotescens,
1938 3188 2151 3253 Huius
2206 3209 2459 3253 crucem
2516 3211 2630 3253 rex

360 3275 427 3337 in
474 3293 659 3337 suam
705 3275 988 3358 suscepit
1032 3273 1390 3338 custodiam
1437 3283 1501 3337 et
1543 3295 1584 3338 a
1628 3277 1903 3340 caeteris
1951 3274 2275 3340 abstinere
2318 3275 2628 3358 precepit,

357 3446 385 3474 a
444 3438 493 3474 et
529 3435 604 3474 hic
639 3436 685 3474 in
722 3446 805 3475 sna
840 3448 874 3475 r.
907 3437 966 3476 M.
997 3437 1038 3476 d.
1066 3437 1225 3476 habult
1262 3437 1513 3485 episcopos,
1555 3447 1640 3485 que
1676 3439 1823 3476 omnia
1856 3437 1931 3475 hic
1957 3437 1997 3486 2,
2034 3437 2086 3478 A.
2107 3437 2154 3476 S.
2286 3435 2335 3486 b)
2378 3436 2559 3475 exculsa
2586 3439 2627 3476 1.

357 3498 380 3526 c
425 3491 548 3536 parte
567 3488 624 3530 Bz
655 3488 936 3527 naturalibus
961 3489 1131 3528 artibus
1149 3489 1191 3528 2.
1298 3487 1344 3537 d)
1371 3497 1622 3527 remensum
1647 3490 1688 3529 1.
1792 3488 1838 3532 e)
1867 3489 1915 3526 in
1940 3499 2105 3527 eratum
2123 3491 2163 3527 1.
2263 3487 2301 3538 f)
2324 3491 2561 3527 nautorum
2588 3490 2628 3526 1.

357 3540 407 3640 εὖ
449 3537 556 3587 porc
584 3541 628 3588 [ς
662 3549 818 3588 porcus
846 3539 898 3578 A.
919 3540 966 3580 S.
995 3551 1037 3578 α.
1067 3541 1192 3580 1009.
1314 3537 1362 3588 h)
1403 3539 1607 3586 defleam.
1632 3542 1671 3578 1.
1803 3540 1836 3590 i)
1880 3539 2051 3578 cuidam
2085 3539 2275 3578 radendo
2312 3541 2421 3588 αἶρε.
2450 3550 2558 3579 corr.
2587 3543 2627 3579 1.

357 3590 388 3628 k
433 3600 513 3639 per
538 3591 590 3639 B,
617 3589 731 3638 quoa
755 3592 846 3639 ipse
871 3592 1038 3630 videtur
1061 3591 1304 3630 corruisse.

357 3717 411 3783 1)
450 3719 707 3772 Mdhren.
817 3717 872 3784 2)
910 3718 1172 3786 Greyorio
1202 3720 1264 3774 V.
1285 3735 1440 3787 papa
1472 3719 1748 3774 996—999
1758 3738 1771 3781 3
1804 3719 1877 3781 cf.
1900 3719 2007 3784 IV,
2038 3720 2123 3781 27,
2151 3720 2239 3773 43.
2352 3719 2407 3784 3)
2447 3720 2629 3772 Annis

356 3789 634 3842 991—999
671 3786 968 3842 Gerbertus
1003 3789 1278 3854 Remensi,
1325 3788 1603 3842 998—999
1638 3789 1801 3843 etiam
1837 3788 2154 3842 Ravennati
2194 3788 2315 3841 sedi
2340 3785 2627 3854 praefuit;

357 3853 501 3917 conf.
551 3855 624 3909 K.
672 3856 923 3920 Werner,
975 3853 1232 3910 ‘Gerbert
1280 3872 1328 3909 v.
1367 3857 1645 3919 Aurillac,
1706 3857 1794 3909 die
1844 3855 2048 3909 Kirche
2104 3873 2161 3909 u.
2230 3853 2631 3918 Wissenschaft

357 3939 401 3976 8.
431 3924 596 3978 Zeit’.
751 3922 806 3988 4)
862 3924 948 3977 Ab
987 3923 1176 3978 Ottone
1211 3926 1333 3978 III.
1371 3925 1644 3978 invitatus
1689 3926 1988 3979 Gerbertus
2026 3924 2235 3990 Remis,
2286 3925 2387 3976 ubi
2418 3924 2487 3977 ab
2535 3924 2629 3977 ad·

357 3993 620 4046 versariis
659 3992 976 4058 uryebatur,
1023 3994 1255 4047 eaecessit
1286 3993 1494 4060 (Epist.
1536 3994 1638 4047 153
1672 3994 1829 4060 apud
1861 3992 2179 4056 Duchesne,
2232 3992 2379 4046 Hist.
2416 3992 2629 4046 Franc.

357 4059 558 4128 Servant.
582 4062 669 4123 ΙΙ,
707 4062 1042 4127 789—844),
1088 4061 1154 4115 id
1185 4063 1332 4129 quod
1366 4079 1418 4114 a.
1447 4062 1551 4115 994
1575 4059 1795 4126 factum
1832 4061 2047 4114 videtur
2082 4076 2230 4124 e88e3
2279 4059 2351 4126 cf.
2405 4060 2630 4115 Werner

357 4129 392 4180 l.
421 4145 481 4192 c.,
511 4145 570 4196 p.
600 4129 822 4192 93—94,
860 4130 927 4184 de
952 4129 1140 4194 fistula
1165 4131 1266 4184 illa
1291 4130 1423 4184 ibid.
1443 4145 1503 4196 p.
1526 4129 1751 4183 75—76.
1872 4128 1927 4192 5)
1964 4129 2270 4182 Silvestrem
2298 4130 2383 4182 II.
2411 4143 2629 4195 papam

357 4197 667 4252 999—1003
683 4198 886 4252 sedisse
904 4205 1130 4252 constat.
1215 4197 1268 4264 6)
1295 4198 1575 4252 Iohannes
1596 4199 1659 4250 Χ
1668 4197 1833 4252 VIII.
1853 4197 2081 4260 (XIX.)
2096 4213 2249 4264 papa
2269 4198 2626 4252 1003—1009.

357 4262 412 4325 7)
448 4264 549 4318 Ser
583 4267 670 4318 ius
699 4266 808 4320 IV.
845 4268 1204 4322 1009-1012.
1344 4267 1398 4330 8)
1436 4267 1770 4320 Benedictus
1807 4265 1977 4318 VIII.
2017 4267 2384 4326 1012-10243
2422 4265 2489 4318 de
2522 4280 2627 4332 quo

359 4347 408 4452 g.
437 4281 678 4454 {gagi-bb)
705 4335 794 4401 II,
829 4335 1120 4457 385—391.
1261 4333 1315 4400 9)
1356 4335 1569 4401 Quippe
1603 4335 1703 4402 qui
1723 4335 2095 4400 episcopatum
2124 4333 2626 4399 Merseburyensem

399 4417 434 4452 u-
473 4417 524 4454 w
556 4417 617 4454 ro
653 4417 902 4457 oraverm
928 4445 940 4456 .
