3100 5050
409 396 511 452 136
1022 390 1430 447 THIETMARI
1463 388 1727 446 CHRON.
1797 390 1935 445 LIB.
1970 390 2065 445 VI.

216 558 370 613 1004.
406 544 701 612 effectum
746 552 863 609 est.
953 543 1307 610 Carentani
1350 542 1677 625 regalibus
1716 541 1910 609 iussis
1958 542 2108 607 ilico
2155 548 2670 627 optemperantes

405 631 471 695 in
528 630 692 695 duas
745 628 1125 694 dividuntur
1184 629 1492 711 legiones;
1551 649 1777 706 unam,
1836 649 2003 712 quae
2059 633 2212 692 ante
2270 628 2482 711 ipsum
2539 627 2671 693 diei

406 713 854 799 crepusculum
925 721 1206 779 montem
1277 713 1475 778 clusis
1545 713 2055 797 *superpositum
2132 733 2276 778 cum
2345 712 2671 796 peditibus

404 798 572 865 clam
617 798 1151 883 *preoccupabat,
1204 798 1531 876 alteram⁸,
1579 819 1744 881 quae
1788 799 1920 861 iam
1967 798 2141 863 facto
2184 818 2373 861 mane
2416 797 2502 861 ad
2546 798 2667 863 has
2694 816 2716 841 *
2774 846 2785 859 .

405 883 863 968 expugnandas
900 882 1334 967 subsequitur,
1380 882 1646 948 auditob
1683 904 1723 948 a
1756 883 2085 967 premissis
2123 882 2667 948 commilitonibus

406 970 587 1052 signo
621 976 756 1034 tam
783 969 1158 1043 vehementi,
1206 972 1280 1033 ut
1316 989 1393 1032 ex
1429 967 1783 1033 latentibus
1833 966 2122 1032 hostium
2165 966 2417 1032 insidiis
2452 967 2668 1032 audiri

403 1054 740 1137 potuisset.
829 1054 953 1132 Qui
995 1060 1145 1137 post
1187 1060 1456 1135 tergum,
1510 1058 1585 1117 ut
1625 1050 2077 1137 opinabantur,
2131 1052 2361 1131 securi,
2415 1053 2669 1117 venien-

402 1137 579 1204 tibus
636 1138 888 1204 obviam
946 1140 1183 1203 armati
1238 1142 1608 1222 properant.
1722 1136 1848 1202 Sed
1906 1137 2109 1202 nostri
2166 1158 2273 1202 eos
2332 1157 2411 1201 ex
2466 1137 2667 1201 latere

403 1225 722 1289 irruentes
774 1224 938 1289 alios
982 1220 1370 1305 effugarunt,
1429 1221 1741 1305 quosdam
1796 1225 2016 1286 autem
2062 1222 2449 1305 precipici00
2493 1227 2557 1287 et
2600 1221 2668 1285 in

402 1308 625 1374 Brenti
677 1306 960 1373 fluminis
979 1309 1004 1353 1
1063 1307 1494 1372 inundacione
1567 1305 2034 1389 compellebant
2100 1307 2422 1372 interired.
2534 1306 2668 1371 Sic-

404 1414 530 1543 gue
569 1394 843 1459 victores
888 1393 1183 1457 clausas⁶
1227 1412 1430 1475 usque
1475 1391 1562 1456 ad
1604 1392 1775 1475 regis
1818 1390 2164 1456 adventum
2210 1392 2485 1457 sollicite
2530 1398 2667 1456 tue-

450 1485 664 1545 antur.

576 1565 636 1629 ὃ.
709 1562 851 1626 Hoc
893 1583 1008 1626 rex
1052 1560 1137 1626 ab
1180 1561 1604 1626 internunciis
1648 1566 1725 1625 ut
1766 1559 2031 1638 audivit,
2086 1560 2327 1625 relictis
2372 1559 2669 1625 omnibus

403 1648 494 1711 im
541 1646 898 1724 edimentiS,
948 1648 1208 1730 optimis
1252 1645 1643 1711 satellitibus
1687 1646 1989 1729 exceptis,
2036 1666 2181 1710 cum
2225 1666 2459 1728 magna
2500 1642 2667 1709 diffi-

404 1669 649 1797 cufiate
707 1752 817 1797 eas
868 1731 1225 1815 pertransit
1287 1737 1352 1795 et
1397 1731 1581 1795 iuxta
1624 1730 1779 1795 litus
1821 1750 2030 1813 aquae
2082 1735 2669 1811 supramemoratae

407 1817 476 1881 in
539 1815 821 1900 quadam
883 1822 1072 1897 grata
1129 1816 1400 1899 planitie
1464 1820 1681 1880 castra
1742 1821 2024 1879 metatus
2078 1821 2209 1891 est,
2274 1822 2347 1879 ut
2403 1813 2672 1879 ibidemf

85 1920 206 1971 Apr.
227 1921 291 1961 ιε.
312 1921 377 1961 14.
405 1922 633 1966 cenam
695 1900 950 1965 Domini
1011 1906 1078 1965 et
1140 1900 1463 1965 crismatis
1529 1900 2085 1965 consecracionem
2156 1920 2235 1964 ac
2303 1898 2669 1981 passionem

184 2005 379 2066 Ant-16·
407 1986 799 2051 dominicam
846 1992 912 2050 et
951 1992 1241 2050 sanctam
1279 1985 1418 2049 eius
1455 1986 2001 2050 resurreccionem
2038 2005 2376 2068 sumopere
2411 2004 2669 2049 venera-

405 2077 604 2137 retur.
702 2070 1056 2135 Interdicta
1101 2076 1199 2134 est
1245 2068 1540 2134 omnibus
1585 2091 1701 2153 per
1743 2067 2028 2134 bannum
2072 2070 2352 2152 regalem
2405 2090 2447 2133 a
2488 2068 2669 2152 pala-

404 2156 542 2222 tino
580 2156 813 2221 comite
860 2153 1058 2238 fuga²
1100 2161 1167 2219 et
1210 2153 1661 2220 resistentibus
1697 2154 1969 2219 viriliter
2003 2155 2405 2237 promittitur
2440 2154 2670 2219 solatio

187 2259 295 2311 Apr.
313 2260 378 2301 rs.
406 2240 646 2306 futura.
739 2242 874 2305 Rex
918 2246 1138 2305 autem
1182 2240 1252 2303 in
1291 2238 1431 2302 111⁸
1465 2238 1631 2304 feria
1680 2260 1916 2323 aquam
1958 2240 2281 2304 transiens
2314 2240 2672 2321 predictam

403 2324 550 2390 fixis
594 2325 829 2390 iterum
870 2325 1171 2390 tentoriis
1213 2324 1545 2407 requievit,
1606 2324 2045 2408 exploratores
2088 2323 2452 2408 prestolans
2498 2323 2672 2388 solli-

405 2412 531 2475 cite
566 2409 652 2475 ad
688 2408 1164 2495 quaerendam&
1192 2408 1522 2491 Hardwigi
1558 2409 1765 2474 hostis
1802 2410 2352 2474 conversationem
2389 2408 2672 2474 clan*de-

405 2496 642 2561 stiuam
654 2496 701 2561 ¹².

576 2582 636 2648 6.
689 2580 809 2665 (5.)
896 2578 1471 2662 Longobardorum
1528 2600 1680 2643 vero
1748 2600 1927 2644 mens
1996 2579 2309 2644 hactenus
2375 2580 2443 2644 in
2500 2579 2671 2643 malo

404 2666 727 2730 unanimis
787 2663 1041 2733 divinae
1101 2665 1366 2748 pietatis
1428 2665 1740 2729 instinctu
1802 2663 2111 2729 dividitur
2170 2671 2236 2729 et
2293 2664 2377 2729 ab
2430 2665 2673 2729 iniusto

406 2751 894 2834 supplantatore
952 2748 1280 2814 disiuncta
1333 2769 1374 2812 a
1411 2750 1550 2813 Deo
1598 2756 1901 2814 coronato
1944 2749 2107 2832 regi¹
2150 2749 2456 2814 Heinrico
2490 2769 2673 2814 secu-

404 2857 547 2899 rum
603 2834 758 2919 fuga
811 2834 1122 2918 patefecit
1174 2835 1556 2918 ingressum.
1646 2833 1902 2899 Verona
1953 2835 2168 2916 primo
2214 2835 2487 2899 eundem
2532 2855 2672 2899 suc-

405 2920 649 3004 cipiens
721 2920 971 2985 exultat
1025 2921 1094 2983 in
1153 2919 1458 2997 Domin0,
1535 2917 1871 2984 advenisse
1939 2917 2339 2984 defensorem
2398 2919 2670 3003 patriae,

403 3011 729 3070 auctorem
785 3024 934 3068 vero
991 3003 1202 3068 abisse
1260 3003 1462 3068 totius
1519 3003 1837 3070 miseriae.
1940 3003 2107 3069 Huic
2160 3010 2507 3070 occurrunt
2559 3003 2670 3068 diu

404 3095 741 3172 expectato
786 3086 1221 3153 Thiedoldusk
1271 3087 1560 3152 marchio
1615 3109 1759 3154 cum
1803 3087 2113 3172 predictis
2152 3088 2671 3168 auxiliatoribuS,

404 3174 690 3259 gaudens
750 3179 1004 3256 tempus
1057 3172 1418 3250 advenisse,
1484 3174 1638 3253 quo¹
1690 3179 2007 3239 secretum
2063 3173 2267 3238 bonae
2321 3173 2670 3238 voluntatis

407 3258 535 3325 sibi
577 3258 803 3323 liceret
845 3257 997 3322 huic
1040 3258 1310 3340 aperire.
1411 3256 1590 3321 Tunc
1642 3279 1759 3322 rex
1801 3258 1919 3324 tali
1964 3258 2275 3323 comitatu
2318 3257 2671 3323 Brixnam3

405 3343 664 3408 veniens
717 3342 799 3407 ab
843 3342 1322 3426 archiepiscopo
1357 3341 1774 3408 Ravennate4
1831 3349 1898 3408 et
1940 3343 2023 3408 ab
2067 3342 2263 3407 huius
2306 3343 2477 3408 sedis
2520 3363 2670 3426 pro-

404 3428 611 3494 visore
648 3426 1114 3507 [Ethelberone]
1129 3426 1159 3471 ⁵
1205 3448 1353 3492 cum
1397 3426 2043 3509 comprovincialibus
2080 3429 2448 3512 succipitur.
2514 3427 2670 3493 Inde

404 3510 828 3596 Pergamam‘3
896 3510 980 3577 ab
1034 3511 1306 3577 Aruulfo
1361 3512 1751 3595 imperatore
1812 3512 1964 3578 olim
2021 3512 2379 3578 devictam⁷
2439 3514 2669 3578 itinere

2698 2426 2724 2495 *j
2739 2428 2823 2479 soz.
2842 2426 2925 2469 θεν.

405 3598 756 3680 attingens,
830 3597 1371 3663 Mediolanensem
1442 3596 1993 3681 archipresulem8
2061 3597 2187 3663 fide
2250 3598 2668 3663 sacramentis
2742 3635 2754 3644 -

404 3749 450 3800 a)
478 3749 832 3789 cum-alteram
857 3751 1094 3800 suppletum
1121 3760 1172 3788 eoe
1197 3750 1251 3790 A.
1272 3750 1347 3798 S.‚·
1373 3751 1419 3789 in
1445 3749 1536 3790 cod.
1557 3752 1585 3789 1
1610 3749 1679 3790 hie
1704 3751 1839 3790 maior
1854 3761 1999 3791 verm
2023 3761 2128 3800 pare
2154 3752 2338 3791 abacista
2354 3754 2428 3790 en.
2532 3750 2581 3800 b)
2607 3750 2669 3790 ito

405 3802 453 3841 in
470 3803 557 3840 loco
573 3811 669 3839 raso
683 3811 766 3840 cer.
789 3801 839 3840 T.
943 3800 986 3848 c)
1012 3800 1236 3850 precipio?
1262 3801 1314 3851 A,
1339 3812 1450 3841 corr.
1472 3801 1521 3841 T.
1628 3801 1673 3848 d)
1698 3802 1755 3842 ῑῑ
1772 3802 1860 3842 rire
1901 3817 1956 3836 =
1978 3802 2198 3852 interrito)
2216 3803 2267 3852 A,
2294 3803 2446 3842 ‘iter-ire
2480 3811 2587 3840 corr.
2616 3803 2665 3842 Τ.

406 3851 449 3899 e)
470 3854 598 3900 prius
625 3861 653 3890 a
676 3862 841 3891 eranum
867 3853 908 3891 1.
1013 3850 1051 3902 f)
1074 3852 1172 3891 dem
1191 3853 1238 3891 in
1255 3864 1410 3892 rasura
1437 3863 1518 3891 cer.
1548 3853 1596 3891 T.
1703 3854 1750 3902 g)
1778 3854 1891 3902 adqu
1958 3853 2087 3892 ndum
2103 3854 2158 3894 A.
2262 3853 2313 3903 h)
2341 3855 2440 3892 Post
2466 3853 2668 3902 nullabam

405 3904 508 3942 clau
532 3905 579 3943 in
598 3905 622 3943 1
649 3904 782 3943 maior
806 3913 949 3942 verm
967 3913 1078 3953 pare
1102 3903 1290 3942 abaciaco
1316 3907 1397 3954 eug
1425 3902 1645 3943 destinam
1662 3923 1713 3935 —
1733 3914 1859 3944 mens
1886 3906 2083 3954 suppleta
2103 3916 2153 3944 a
2170 3905 2223 3945 A.
2245 3905 2292 3945 S.
2304 3918 2323 3953 ,-
2349 3903 2668 3944 clandestinam

408 3957 446 3993 et
470 3954 756 4046 νοτογᾶεὲἒπε
782 3955 895 4056 innz
996 3955 1050 4043 1¹,
1085 3963 1188 4001 rege
1213 3955 1272 3994 A.
1391 3955 1439 4001 k)
1476 3953 1739 3994 Thiadolfus
1764 3956 1816 3995 A.
1838 3956 1912 4005 S.,·
1939 3955 2202 3996 Thiedolfus
2231 3967 2322 3996 eum
2348 3955 2505 3995 vocavit
2529 3955 2621 3995 cod.
2641 3956 2669 3995 2

404 4016 539 4056 cupra
604 4032 618 4056 ,
703 4035 715 4046 .
883 4013 970 4054 qua
1021 4035 1032 4046 .

405 4107 459 4173 1)
507 4109 746 4164 Brenta.
902 4105 956 4171 2)
1004 4107 1095 4161 De
1121 4108 1315 4174 poenis
1349 4122 1548 4171 eorum,
1593 4109 1693 4176 qui
1724 4125 1789 4162 ex
1823 4110 2060 4165 exercitu
2093 4109 2354 4178 fuyerunt
2390 4106 2665 4174 (herisliz),

407 4175 480 4241 cf.
532 4176 729 4243 waitz,
757 4173 774 4201 ‘
791 4175 1350 4242 Verfassunysqesch!
1381 4171 1536 4242 2III,
1572 4177 1693 4241 309,
1730 4172 1801 4229 2Ι
1804 4177 1870 4242 V,
1896 4178 2016 4232 479.
2043 4178 2162 4240 582,
2201 4176 2439 4231 ‘Jahrbss
2469 4177 2519 4242 I,
2546 4177 2667 4230 304.

317 4297 338 4316 ,
403 4244 460 4306 3)
508 4245 755 4300 Brescia.
918 4242 974 4307 4>
1023 4243 1312 4298 Fviderico
1321 4262 1340 4308 ;
1377 4245 1520 4310 conf.
1572 4244 1632 4309 V,
1668 4247 1751 4300 25.
1914 4244 1968 4310 5)
2015 4246 2126 4308 Qui
2158 4246 2299 4298 sedit
2332 4245 2665 4306 976-1007;

403 4327 454 4364 v.
485 4312 546 4374 V,
573 4311 657 4366 24.
780 4311 834 4377 6)
872 4313 988 4366 Ber
1024 4325 1162 4365 amo·
1275 4313 1329 4375 7)
1381 4312 1441 4365 V.
1469 4313 1617 4367 Ana.
1644 4313 1813 4368 Γαῖα.
1842 4312 1965 4374 (SS.
1992 4315 2053 4376 I)
2077 4320 2127 4368 et
2155 4313 2455 4380 Reginonis
2483 4313 2665 4367 chron.

397 4379 528 4444 (SS.
547 4381 606 4447 I)
633 4397 685 4435 a.
703 4382 822 4444 894,
850 4327 1201 4452 Limgorand.
1219 4379 1272 4447 I,
1301 4381 1384 4435 23.
1437 4381 1502 4435 L.
1618 4380 1673 4446 8)
1710 4381 2029 4447 Aratthum,
2056 4381 2154 4448 qui
2176 4380 2315 4436 sedit
2338 4380 2665 4436 998-1018.
