3100 5050
200 1921 222 1943 *
241 1922 323 1971 sol.
337 1924 417 1964 86‘.

207 3467 228 3489 *
246 3469 334 3518 soz.
352 3467 420 3507 8'1.

1075 382 1481 438 THIETMARI
1517 381 1781 438 CHRON.
1853 383 1992 439 LIB.
2026 384 2091 437 V.
2606 387 2707 441 113

447 533 755 599 eundem⁸
817 536 1178 618 suscipiunt
1237 537 1516 621 apertis;
1600 536 2083 621 completurque
2153 536 2325 621 quod
2397 537 2703 621 scriptum
2743 548 2895 604 1002.

446 626 574 686 est:
613 619 935 701 Letantur,
971 644 1106 685 cum
1141 622 1304 687 male
1323 621 1621 705 fecerint,
1656 646 1731 685 ac
1767 622 2047 687 cmtltant
2079 624 2151 687 in
2184 622 2365 687 rebus
2386 624 2673 709 pessimis
2681 646 2709 705 ;
2733 642 2866 682 rrov.
2886 644 2927 692 s,
2946 643 3013 682 ιι.

447 712 512 771 et
562 706 866 771 iterum*:
916 706 1076 770 Sunt
1124 708 1450 793 principia
1503 730 1713 772 eorum
1764 718 1832 771 ut
1885 707 2006 772 mel
2056 718 2113 772 et
2144 709 2481 773 ‘novissima
2518 710 2705 793 quasi
2728 726 2833 767 naa.
2853 728 2893 778 5,
2912 728 3014 768 s.4.

445 792 854 857 abscinthium
865 792 913 859 ὓ.

619 878 718 945 10.
783 877 923 941 Hac
958 878 1203 943 elatus0
1252 878 1684 962 prosperitate
1729 878 2129 944 Bolizlavus⁶
2172 899 2389 945 omnes
2426 878 2705 961 regionis

443 963 618 1029 illius
662 964 969 1027 terminos
1015 985 1218 1048 usque
1271 962 1355 1028 ad
1401 964 1683 1029 Elstram
1735 962 1996 1029 fluvium
2062 966 2512 1049 preoccupavit
2562 985 2705 1049 pre-

443 1048 754 1132 sidiisque
800 1049 1034 1114 suimet
1077 1049 1306 1115 munit.
1408 1048 1961 1133 congregantibus
2006 1070 2075 1115 se
2119 1056 2270 1115 tunc
2316 1050 2709 1115 unanimiter

443 1134 529 1200 ad
592 1132 751 1199 haec
825 1134 1228 1219 prohibenda
1297 1136 1536 1200 nostris
1606 1135 1869 1201 dolosus
1937 1135 2049 1200 ille
2109 1136 2393 1219 legatum
2456 1135 2707 1201 obviam

444 1220 646 1297 misit,
719 1221 832 1303 qui
893 1241 960 1285 se
1022 1226 1493 1304 protestaretur
1555 1241 1700 1288 cum
1761 1221 1971 1305 gratia
2031 1220 2323 1287 Heinrici
2385 1220 2567 1287 ducis
2629 1241 2705 1287 ac

445 1306 714 1371 licencia
757 1304 918 1370 haec
960 1306 1303 1391 incepisse3
1368 1308 1436 1371 in
1480 1306 1661 1371 nullo
1708 1327 1775 1372 se
1817 1306 2050 1372 incolis
2092 1307 2458 1373 nociturum
2514 1312 2605 1384 et,
2650 1307 2706 1373 si

445 1390 702 1474 quando
760 1392 816 1456 is
871 1391 939 1455 in
996 1412 1191 1478 regno
1243 1393 1512 1476 vigeret,
1570 1393 1888 1459 voluntati
1946 1392 2233 1458 eiusdem
2290 1393 2359 1457 in
2412 1390 2706 1457 omnibus

444 1497 886 1555 assensurum3
959 1478 1058 1541 sin
1119 1485 1363 1557 autem,
1436 1478 1610 1561 quod
1673 1478 1772 1543 his
1842 1485 1980 1543 tum
2054 1478 2360 1561 placeret,
2432 1476 2707 1544 libenter

443 1562 786 1630 facturum.
906 1562 1046 1628 Hoc
1137 1563 1718 1629 animadvertentes
1800 1565 2007 1630 nostri
2093 1565 2295 1630 verbis
2373 1562 2704 1629 credidere
2782 1616 2947 1657 Tem,

439 1648 789 1734 phaleratis
808 1648 831 1693 ¹
901 1654 966 1713 et
1027 1649 1389 1728 inhoneste,
1466 1650 1654 1733 quasi
1714 1648 1799 1714 ad
1860 1649 2217 1729 dominum,
2287 1649 2373 1715 ad
2434 1647 2705 1715 eundem
2731 1668 2908 1709 phorm.
2925 1646 3017 1715 1‘11,

443 1734 712 1818 profecti
748 1733 1058 1800 honorem
1102 1737 1397 1801 innatum
1433 1735 1900 1819 supplicatione
1938 1742 2003 1801 et
2036 1736 2281 1801 iniusta
2318 1736 2623 1801 servitute
2634 1735 2704 1773 **
2804 1719 2844 1769 ⁵⁹
2871 1720 2936 1760 ¹⁵·

441 1820 796 1885 mutabant.
888 1819 1094 1898 Quam
1131 1821 1351 1904 inique
1387 1820 1805 1903 comparandi
1844 1831 1995 1887 sunt
2030 1828 2467 1887 antecessores
2499 1822 2707 1886 nostri

446 1912 511 1971 et
566 1906 1136 1989 *contemporalesl
1256 1906 1522 1971 Vivente
1588 1908 1840 1991 egregio
1900 1905 2207 1973 Hodone‘1
2278 1913 2464 1991 pater
2518 1906 2707 1973 istius

443 1991 683 2057 Miseco
735 1991 1032 2071 domum,
1097 2013 1226 2075 qua
1279 2013 1424 2058 eum
1478 2012 1617 2058 esse
1668 1991 1938 2069 sciebat,
2005 1990 2415 2058 crusinatus²
2464 1992 2707 2057 intrare

441 2076 540 2141 vel
584 2097 659 2142 eo
704 2084 1080 2160 assurgente
1125 2098 1472 2162 numquam
1516 2080 1912 2161 presumpsit
1955 2078 2197 2148 sedere.
2286 2078 2462 2143 Deus
2496 2077 2708 2143 indul-

444 2171 591 2245 geat
634 2162 1033 2244 imperatori,
1079 2163 1253 2247 quod
1297 2163 1755 2229 tributarium0
1806 2163 2050 2229 faciens
2094 2163 2420 2230 dominum
2466 2163 2551 2228 ad
2587 2162 2711 2229 hoc-

443 2268 747 2331 umquam
793 2248 1082 2330 elevavit,
1135 2260 1208 2314 ut
1251 2248 1454 2316 oblita
1495 2251 1597 2314 sui
1641 2251 1953 2333 genitoris
1996 2250 2221 2334 regula
2278 2270 2529 2334 semper
2580 2248 2707 2315 sibi

442 2334 808 2417 prepositos
845 2336 1112 2401 auderet
1145 2336 1213 2399 in
1251 2334 1716 2401 subiectionem
1752 2336 2065 2420 paulatim
2104 2335 2441 2401 detrahere
2477 2335 2707 2400 vilissi-

442 2438 676 2503 moque
719 2428 987 2504 pecunie
1031 2423 1424 2487 transeuntis
1471 2423 1789 2487 inescatos
1834 2441 1981 2487 amo
2026 2423 2095 2486 in
2137 2422 2463 2486 servitutis
2515 2420 2708 2485 liber-

445 2506 726 2591 tatisque
773 2505 1230 2578 detrimentum
1277 2529 1530 2592 capere.

618 2597 716 2660 11.
775 2593 892 2680 (7.)
978 2594 1160 2659 Alter
1211 2599 1428 2660 autem
1482 2593 1873 2672 Bolizlavus‚
1939 2593 2344 2659 Boemiorum
2398 2593 2706 2676 provisor,

444 2685 864 2761 cognomento
916 2679 1124 2745 Rufus
1179 2686 1245 2746 et
1304 2680 1661 2764 impietatis
1726 2686 1953 2745 auctor
2004 2679 2379 2759 immensae,
2438 2680 2707 2763 antiquo

444 2784 620 2828 more
671 2764 800 2829 iam
853 2765 1188 2849 paululum
1252 2765 1578 2832 refrenato
1639 2764 1791 2830 duci
1850 2765 2160 2850 aspiravit
2210 2764 2540 2844 Heinrico;
2595 2765 2709 2848 qui

443 2850 635 2914 inicio
689 2851 928 2915 mensis
982 2851 1151 2916 Iunii
1206 2872 1351 2916 cum
1403 2851 1631 2935 primis
1685 2850 2122 2917 Bawariorum
2179 2857 2244 2916 et
2295 2850 2701 2915 orientalium
2730 2867 2833 2907 lun.

445 2935 816 3000 Franciumf
848 2936 1270 3002 Wormatiam
1304 2939 1496 3014 venit,
1533 2957 1731 3001 causa
1770 2937 2019 3002 Renum
2054 2937 2295 3002 ibidem
2328 2936 2707 3002 transeundi

445 3021 900 3105 Magontiaque
982 3021 1495 3088 benediccionem
1580 3022 1957 3106 accipiendi.
2096 3021 2284 3101 Quod
2366 3021 2706 3105 prohibere

444 3104 878 3172 Herimannus
927 3107 1059 3172 dux
1101 3109 1335 3173 nititur
1368 3109 1744 3192 nullumque
1780 3109 1871 3173 eis
1905 3108 2209 3192 patefecit
2243 3108 2421 3172 Reno
2455 3107 2707 3173 favente

446 3193 822 3274 ingressum.
920 3194 1068 3258 Dux
1113 3200 1329 3258 autem
1376 3195 1719 3261 Heinricus
1763 3193 1985 3259 habito
2031 3194 2111 3260 de
2153 3193 2281 3259 hiis
2325 3193 2516 3259 rebus
2560 3214 2707 3259 cum

449 3279 583 3342 suis
629 3279 915 3356 consili0,
963 3279 1260 3345 simulato
1307 3282 1371 3343 in
1419 3280 1779 3345 Bawariam
1824 3278 2037 3345 reditu
2075 3279 2485 3362 transituque
2519 3280 2708 3363 quasi

446 3363 804 3447 desperate,
855 3364 940 3431 ad
985 3365 1209 3432 urbem
1256 3365 1520 3431 Larsem
1533 3365 1583 3444 3,
1638 3365 1751 3431 ubi
1796 3373 2057 3431 sanctus
2102 3367 2449 3449 requiescit
2492 3365 2697 3430 Naza-

446 3449 604 3528 rius,
661 3451 850 3514 venit.
940 3451 1314 3535 Deindeque
1367 3451 1452 3517 ad
1489 3452 1884 3535 Magontiam
1928 3452 2226 3518 celeriter
2269 3449 2707 3535 *properando

447 3535 694 3601 Renum
748 3557 1012 3603 securus
1067 3538 1380 3622 enavigat.
1478 3537 1603 3601 Hic
1648 3537 1821 3606 VIII.
1854 3536 1948 3603 Id.
1988 3536 2199 3601 Iunii4
2243 3535 2480 3602 ibidem
2535 3557 2703 3603 com-
2729 3551 2979 3604 tumea)-

447 3621 627 3686 muni
672 3621 1005 3688 devotione
1049 3624 1117 3688 in
1161 3644 1373 3707 regem
1418 3622 1661 3688 electus
1705 3644 1745 3688 a
1788 3623 2134 3706 Willigiso,
2202 3622 2488 3688 eiusdem
2535 3621 2704 3687 sedis

447 3707 949 3792 archiepiscop0‚
1010 3707 1686 3793 suffraganeorumque
1732 3708 1969 3774 suimet
2011 3707 2253 3774 auxilio
2298 3713 2563 3792 accepta
2609 3729 2707 3772 re-

559 3863 615 3929 *)
653 3863 756 3918 Sed
789 3879 916 3945 vere
949 3863 1062 3917 illis
1099 3864 1325 3927 eveniet,
1362 3861 1503 3934 quod
1537 3863 1674 3918 item
1709 3863 1965 3932 scriptum
2002 3866 2085 3918 est
2118 3863 2168 3917 2.

525 3932 617 3998 **)
656 3933 834 3987 Sclavi
869 3933 999 3987 add.
1025 3935 1077 3998 2,
1116 3937 1184 3987 A.
1213 3933 1270 3987 S.

459 4053 504 4091 a)
527 4050 801 4101 eundemque
825 4051 880 4092 A.
1008 4051 1054 4102 b)
1081 4062 1105 4091 e.
1131 4063 1296 4093 erasum
1321 4054 1361 4092 1.
1491 4051 1533 4102 ο)
1568 4054 1629 4092 ita
1652 4053 1711 4100 Vt
1736 4052 1879 4103 elatis,
1903 4052 2173 4092 huual-‚uum
2198 4050 2251 4091 A.
2383 4049 2429 4100 d)
2454 4039 2625 4090 luidone
2662 4051 2709 4090 V.

447 4103 490 4154 e)
516 4102 800 4144 trIburarium
827 4107 872 4152 ις
909 4104 1106 4143 sclavum
1134 4102 1236 4143 add.
1259 4105 1299 4144 2.
1402 4105 1440 4154 f)
1466 4104 1735 4162 Enncorum
1760 4105 1809 4144 V.

452 4205 504 4268 1)
547 4207 646 4260 Ex
692 4206 930 4261 Terentii
970 4207 1188 4261 Phor-m.
1226 4208 1348 4274 III,
1384 4207 1434 4270 5,
1475 4208 1569 4263 15:
1620 4207 1917 4275 phaleratis
1962 4205 2123 4260 dictis
2160 4204 2321 4260 ducas
2366 4221 2468 4258 me.
2548 4203 2708 4261 URS.

451 4274 543 4328 Ita
578 4281 628 4329 et
659 4275 810 4343 infra
857 4277 989 4342 VII,
1027 4277 1092 4330 51
1128 4276 1335 4342 (VIII,
1371 4277 1465 4340 71)
1481 4298 1500 4328 .·
1549 4276 1925 4344 promissiones
1961 4274 2293 4344 phaleratae.
2362 4276 2427 4328 L.
2566 4276 2618 4338 2)
2657 4275 2709 4327 A

451 4341 666 4397 Slavico
703 4343 928 4408 crusina,
963 4347 997 4399 i.
1027 4361 1072 4399 e.
1106 4351 1246 4400 veste
1280 4346 1520 4413 pellicea.
1577 4345 1647 4400 L.
1764 4345 1817 4410 3)
1856 4344 2081 4401 Lorsch.
2200 4343 2254 4407 4)
2295 4342 2509 4398 Necrol.
2538 4343 2712 4397 Mers.

452 4416 502 4465 et
537 4411 730 4479 Maqd.
766 4413 894 4468 Iun.
922 4414 983 4468 7.·
1022 4411 1310 4468 Ordinatio
1346 4412 1589 4468 Heinrici
1624 4412 1785 4482 regia

2330 4515 2365 4570 8
