3100 5050
427 409 528 463 184
939 404 1345 460 TmsTMARI
1383 402 1647 457 onnon.
1715 402 1854 459 mn.
1888 403 1999 459 vn
2034 403 2173 469 (vl).

235 574 364 627 1003
427 564 700 623 octava·
741 556 885 621 Kal.
915 555 1102 624 Febr.
1121 557 1174 637 ¹3
1229 555 1521 638 sepultus
1564 555 1633 619 in
1682 553 1949 619 Colonia
1992 554 2057 618 in
2102 554 2329 620 eodem
2372 556 2529 634 loco,
2576 557 2687 624 ubi

211 640 308 681 ¹⁸¹¹·
326 641 394 680 ²⁵·
423 646 562 727 ipse
617 643 799 726 prius
856 642 1130 725 rogavit,
1195 642 1262 705 in
1319 640 1594 705 australi
1650 646 1837 723 parte
1895 640 2144 723 templi,
2206 639 2337 723 quo
2396 643 2465 707 in
2526 662 2687 709 cena

427 728 685 793 Domini
764 726 1123 809 penitentes
1199 725 1713 791 introducuntur.
1846 724 2056 791 Huius
2125 724 2350 805 vidua,
2430 728 2685 791 nomine

423 812 727 890 Godila²‚
789 812 1242 896 quodcumque
1292 810 1443 875 honi
1497 811 1733 891 potuit,
1796 831 1912 895 pro
1966 812 2279 876 memoria
2338 810 2680 899 eius[dem]

403 900 636 965 facere
671 919 798 963 non
833 897 1107 961 desistit.
1181 896 1347 961 Filio
1383 897 1618 959 suimet
1643 894 2039 961 wirinhario
2076 895 2454 963 beneficium
2478 899 2685 979 patris

427 983 518 1072 [et
567 980 878 1069 mercam]
935 1003 1082 1046 cum
1136 981 1559 1047 ducentorum
1611 981 1828 1061 precio
1880 981 2269 1047 talentorum
2323 982 2681 1065 acquisivit,

237 1082 388 1137 1007.
423 1089 806 1154 permanens
858 1070 926 1131 in
977 1067 1278 1135 castitate
1332 1065 1471 1129 1111
1524 1084 1749 1131 annos.
1860 1066 1941 1131 Et
1990 1072 2145 1131 tunc
2206 1068 2681 1149 consanguineo

421 1155 654 1219 suimet
700 1150 1125 1219 Hirimanuo³
1167 1152 1413 1235 nupsit,
1468 1150 1562 1215 nil
1606 1170 1841 1217 curans
1886 1152 2236 1231 inpositum
2282 1150 2366 1215 ab
2410 1152 2681 1221 Arnulfo

423 1240 678 1323 presule
730 1238 1012 1305 bannum
1078 1243 1168 1315 et,
1223 1236 1392 1319 qnod
1443 1236 1746 1304 dexteras
1796 1236 2239 1318 episcoporum
2295 1235 2419 1301 sibi
2470 1238 2590 1305 hoc
2642 1260 2682 1303 a

427 1326 562 1389 Deo
619 1323 1148 1387 interdicencium
1202 1321 1434 1387 fefellit
1503 1321 1723 1385 trium.
1844 1320 2115 1404 Propter
2170 1322 2293 1387 hoc
2360 1327 2461 1385 est
2516 1320 2679 1409 [ex]-

421 1408 1021 1474 communicationis
1045 1407 1263 1490 gladio
1303 1406 1388 1471 ab
1421 1406 1714 1471 antistite
1748 1405 2040 1486 predicto
2074 1407 2370 1489 iugulata
2412 1408 2679 1475 nullam-

425 1492 602 1581 [que]
649 1494 716 1557 in
762 1492 1164 1575 procreanda
1204 1492 1390 1575 prole
1433 1512 1613 1574 spem
1656 1490 1958 1574 deinceps
2003 1490 2406 1573 adipiscitur.

233 1591 386 1644 1012.
596 1580 698 1643 27.
756 1577 882 1642 Sed
919 1598 1036 1661 ego
1075 1578 1378 1656 delirans,
1418 1576 1483 1640 id
1521 1581 1622 1639 est
1648 1574 1732 1641 ab
1758 1576 2013 1659 incepto
2038 1576 2370 1660 paululum
2398 1577 2679 1645 devians.

113 1682 402 1729 Annonem.
422 1664 593 1745 regis
647 1663 935 1729 Heinrici
985 1663 1273 1727 inclitam
1327 1662 1877 1745 conversationem
1922 1662 2239 1744 agrediar.
2348 1661 2511 1747 (53.)
2580 1662 2680 1726 Isb

235 1766 384 1817 (nov.)
420 1769 721 1830 magnam
766 1748 1062 1811 sinodum
1116 1747 1200 1811 ob
1256 1746 1781 1830 dampnationem
1824 1745 2149 1813 Thiedrici
2204 1748 2507 1815 Metensis
2552 1749 2681 1829 epi-

417 1834 597 1914 scopi
655 1832 936 1916 posuit4.
1053 1832 1272 1913 [*Huic
1326 1834 1390 1896 in
1449 1832 1677 1897 eodem
1732 1833 2003 1897 concilio
2068 1832 2149 1899 ab
2208 1832 2500 1899 omnibus
2546 1833 2678 1915 epi-

422 1918 633 2001 scopis
677 1916 918 1981 ibidem
965 1918 1488 1981 convenientibus
1532 1916 1948 1983 interdictum
1985 1924 2103 1995 est,
2149 1925 2221 1985 ut
2266 1926 2417 1983 ante
2449 1940 2679 2001 purge-

191 2021 300 2060 nee.
321 2021 387 2060 2⁵.
415 2003 662 2066 cionem
705 2003 967 2067 missam
1021 2024 1148 2067 non
1203 2006 1504 2078 caneret]
1608 2002 1795 2067 *Post
1840 2002 2002 2069 haec
2050 2004 2265 2069 natale
2308 2004 2569 2073 Domini
2613 2004 2677 2067 in

417 2087 661 2152 Palithi
704 2087 952 2152 festivis
995 2088 1244 2170 peregit
1285 2087 1567 2169 gaudiis3
1628 2093 1695 2151 et
1738 2088 1829 2153 ibi
1873 2097 2029 2153 tunc
2073 2088 2415 2155 Walkerus
2452 2089 2679 2153 Treve-

417 2174 626 2238 rensis
668 2173 1020 2251 aecclesiae
1060 2182 1316 2237 servus0
1365 2180 1431 2238 et
1479 2172 1766 2257 capellae
1820 2174 2056 2241 suimet
2103 2179 2324 2243 custos
2370 2173 2676 2257 providus

230 2267 380 2321 1013.
413 2259 734 2341 egrotavit
773 2264 844 2323 et
886 2258 1074 2323 nobis
1119 2258 1266 2323 inde
1313 2258 1614 2323 euntibus
1658 2258 1897 2325 ibidem
1946 2259 2361 2342 relinquitur3
2420 2258 2531 2323 111.
2579 2259 2671 2323 Id.

205 2360 300 2398 1⁸1·-
323 2362 386 2399 11-
417 2344 615 2420 Ian.⁵‚
660 2364 778 2427 pro
823 2343 1036 2409 dolor!
1091 2345 1460 2413 moriturus.

103 2443 385 2491 Anu-Quem.
587 2432 687 2496 28.
789 2429 1054 2493 Interim
1120 2429 1372 2499 Lievizc
1451 2429 1815 2495 Bremensis
1882 2428 2405 2511 archiepiscopus
2481 2428 2675 2511 longa

413 2512 790 2579 infirmitate
883 2514 1224 2598 depressus
1313 2513 1485 2580 diem
1578 2514 1761 2596 piusd
1840 2514 2116 2580 sollicite
2195 2514 2673 2598 prestolabatur

223 2616 317 2655 1⁸11-
341 2617 383 2656 3.
412 2621 780 2682 supremum
826 2605 893 2664 et
933 2600 1001 2663 in
1045 2607 1231 2664 nocte
1274 2599 1424 2684 hac,
1485 2621 1652 2683 quae
1698 2601 1993 2666 ultimam
2039 2607 2439 2681 precesserat
2480 2599 2672 2679 diem,

414 2686 732 2754 consotios
785 2685 1028 2749 enebris
1081 2686 1212 2748 iam
1265 2685 1657 2768 defatigatos
1738 2682 1999 2770 vigiliis]
2057 2685 2299 2752 talibus
2350 2686 2675 2756 mulcebat

411 2769 742 2853 alloquiis:
799 2770 873 2835 *Ο
920 2770 1278 2835 dulcissimi
1319 2769 1560 2835 fratres
1604 2776 1671 2835 et
1759 2771 1847 2846 lii,
1894 2790 1974 2834 ne
2018 2772 2355 2853 quisquam
2392 2777 2667 2839 vestrum

409 2855 491 2919 de
553 2877 832 2938 superna
903 2855 1160 2920 diffidat
1221 2856 1563 2922 clementia
1638 2862 1705 2920 et
1774 2862 1846 2920 ut
1914 2854 2097 2918 labo'r
2168 2861 2376 2922 vester
2448 2855 2667 2942 [nunc]

407 2941 744 3024 paululum
772 2943 1106 3019 relevetur,
1145 2940 1223 3004 de
1260 2962 1361 3004 me
1391 2939 1752 3022 exemplum
1780 2938 1959 3006 vohis
1986 2941 2334 3008 admodum
2362 2941 2669 3008 credibile

406 3025 682 3108 profero.
770 3027 1089 3104 Domuum
1127 3046 1364 3107 papam
1401 3025 1867 3092 Benedictum*
1910 3025 1977 3092 in
2015 3025 2116 3092 his
2151 3025 2443 3108 partibus
2482 3025 2667 3090 exule

449 3110 696 3176 uesiviss
755 3118 848 3187 et,
913 3132 993 3176 ne
1055 3111 1140 3175 ad
1202 3109 1373 3174 hunc
1423 3112 1846 3193 pervenirem,
1911 3132 1953 3178 a
2004 3111 2227 3179 multis
2280 3111 2667 3176 iterantibus

435 3194 610 3281 sepe]
650 3195 945 3260 tardatus
990 3195 1184 3259 nullis
1227 3194 1501 3281 [eorum]
1551 3194 1844 3278 acquievi
1890 3195 2382 3263 blandiciisf·**.
2480 3197 2666 3276 Huic,

439 3278 594 3344 dum
639 3281 852 3359 vixitss,
913 3280 1243 3344 studiosus
1289 3279 1515 3345 adhesi
1560 3287 1627 3344 et
1669 3287 1815 3364 post
1852 3303 2186 3349 excessum
2234 3284 2375 3350 eius
2409 3283 2665 3356 Aethel—
2695 3305 2717 3326 *

405 3365 611 3448 dagob
649 3366 893 3430 seniori
928 3385 1070 3430 meo
1107 3366 1272 3429 servi
1307 3367 1442 3435 vice
1481 3365 1863 3432 famulabar.
1916 3367 2054 3432 Hoc
2088 3369 2226 3450 ipse
2252 3367 2667 3436 considerans

515 3519 572 3584 ²¹⁸)
610 3517 742 3572 Otto
776 3535 926 3573 cesar
959 3519 1158 3573 iniuste
1195 3523 1502 3574 accusatum
1539 3519 1732 3588 deponi
1768 3522 2037 3575 consensit
2070 3526 2129 3576 et
2162 3523 2290 3576 add.
2319 3525 2369 3577 2.

481 3604 572 3669 **)
609 3602 849 3658 Tandem
882 3619 1007 3658 vero
1043 3603 1112 3663 ad
1148 3620 1268 3658 eum
1305 3606 1615 3671 perveniens
1661 3610 1719 3660 et
1753 3622 1875 3658 eum
1910 3607 1967 3659 in
2003 3606 2200 3661 divinis
2238 3607 2426 3663 officiis
2462 3609 2663 3664 studio-

609 3671 878 3730 sissimum
914 3671 1099 3726 videns
1135 3673 1262 3726 add.
1291 3675 1340 3726 2.

401 3788 448 3839 ⁸)
473 3793 626 3830 octeno
643 3791 684 3828 B
777 3789 823 3837 b>
851 3790 921 3832 his
941 3802 1049 3830 corr.
1073 3791 1138 3830 Iis
1159 3794 1196 3830 1.
1279 3791 1321 3842 c)
1348 3792 1488 3832 cliens
1506 3795 1548 3832 2.
1630 3793 1676 3844 d)
1706 3797 1877 3842 tempus
1897 3805 2008 3833 corr.
2028 3795 2141 3838 diem
2160 3795 2247 3846 piis
2267 3797 2306 3834 1.
2387 3793 2430 3844 e)
2456 3797 2587 3836 exsul
2604 3797 2658 3837 B.

400 3841 998 3932 {hsgszigssgusgirastgi
1038 3842 1244 3892 quamdiu
1273 3845 1518 3892 supervixit
1542 3847 1583 3883 2.
1716 3844 1763 3894 h)
1803 3845 2068 3898 edtheldsgo
2089 3846 2229 3896 primo
2255 3845 2305 3896 B,
2334 3846 2446 3894 quod
2472 3851 2547 3886 aut
2573 3848 2659 3896 ipae

403 3997 454 4060 1)
491 3995 623 4050 Sine
650 3996 816 4050 dubio
844 4014 908 4050 ex
931 4004 1090 4063 parte
1116 3998 1330 4052 Necroz.
1359 3999 1593 4052 Men-seb.
1620 4015 1769 4054 nunc
1795 3999 2091 4065 deperdita.
2196 3999 2250 4062 2)
2287 4001 2442 4058 Filia
2461 4002 2658 4060 Wirin-

399 4065 553 4118 herii
593 4065 882 4119 cuiusdam
926 4066 985 4118 in
1017 4066 1344 4120 occidentali
1383 4066 1631 4122 Samonion
1674 4068 1901 4130 nobiae,-
1948 4069 2020 4122 ον’.
2056 4067 2165 4132 IV,
2202 4070 2285 4123 39.
2424 4069 2478 4132 3)
2528 4070 2659 4124 Non

399 4132 718 4188 Ekkfflardi
750 4134 1084 4188 marchionis
1107 4133 1254 4200 filio,
1301 4136 1398 4202 qui
1438 4136 1721 4190 Bokslavi
1752 4137 1925 4200 filiam
1970 4137 2030 4190 in
2074 4138 2415 4195 mata-monio
2448 4139 2656 4205 habuit,

398 4203 498 4257 sed
541 4201 812 4256 Werlensi
841 4201 1078 4266 fortas&
1111 4203 1304 4266 comiti,
1349 4219 1505 4271 quem
1544 4203 1768 4258 Thetin.
1810 4206 1981 4271 VIII,
2016 4205 2086 4260 49
2121 4204 2296 4271 filium
2332 4205 2657 4274 Gerberyae,

399 4269 510 4334 IX,
554 4271 622 4324 26
662 4277 876 4336 patrem
920 4271 1173 4324 Heinrici
1215 4271 1372 4337 dicim
1415 4274 1488 4336 cf.
1519 4270 1759 4328 ‘Jahrbss
1796 4275 1847 4337 I,
1884 4274 2005 4338 254,
2040 4273 2330 4330 466—467.
2470 4275 2526 4340 4)
2582 4277 2657 4330 In

399 4336 628 4391 Ooblenz
661 4344 714 4392 et
749 4339 973 4405 Μαίηες
1011 4340 1156 4392 Anu.
1197 4339 1381 4402 Quedl.
1420 4341 1573 4406 1012,
1618 4339 1856 4395 ‘Jahrb.’
1892 4343 1981 4406 ΙΙ,
2018 4342 2135 4396 343.
2288 4341 2343 4407 5)
2392 4345 2656 4400 Fortasse

395 4421 463 4458 0oe
498 4406 782 4472 deperdita
820 4407 1031 4460 Necrol.
1063 4409 1231 4461 Mers.
1265 4414 1438 4474 parte.
1581 4410 1635 4472 6)
1670 4408 1826 4473 Confi
1862 4411 1901 4461 I
1914 4409 1973 4476 V,
2013 4411 2091 4464 18.

2706 1855 2728 1877 ¹⁸
2755 1868 2877 1897 nan.
2910 1860 2961 1899 Τ.

2706 2008 2955 2103 εν

2739 3319 2789 3356 p.
2811 3309 2905 3350 882.
