3100 5050
897 417 1303 473 THIETMARI
1338 416 1602 472 CHRON.
1669 418 1804 473 LIB.
1839 416 1980 472 VIII
2016 417 2182 482 (VII).
2559 419 2660 472 235

414 569 752 635 custodum
798 569 890 634 nil
942 575 1190 636 curant.
1294 570 1693 634 Domesticos
1740 569 1960 634 colunt
2004 569 2155 635 deos
2215 564 2659 655 multum[que]
2699 578 2849 633 1017.

414 654 538 721 sibi
586 655 895 741 prodesse
966 655 1219 722 eosdem
1287 663 1620 740 sperantes
1690 654 1818 719 hiis
1874 654 2204 722 inmolant.
2292 653 2524 719 Audivi
2583 653 2661 718 de

412 740 690 824 quodam
734 741 991 819 baculo,
1048 741 1114 804 in
1161 741 1344 806 cuius
1390 741 1694 807 sumitate
1747 761 1975 805 manus
2034 747 2176 806 erat
2227 761 2426 805 unum
2469 740 2536 803 in
2592 761 2661 804 se

411 824 733 976 [ferreum2
776 834 1001 892 tenens
1047 826 1376 906 circulum,
1425 826 1598 910 quod
1641 848 1786 892 cum
1832 832 2092 908 pastore
2135 826 2309 891 illius
2342 825 2550 905 villae,
2594 826 2661 889 in

410 934 535 996 quo
570 915 664 978 is*
729 915 942 992 uerat,
986 933 1102 995 per
1144 934 1363 978 omnes
1408 913 1629 978 domos
1673 914 1794 977 has
1839 912 2252 995 singulariter
2295 910 2545 992 ductus,
2592 912 2658 975 in

408 999 614 1081 primo
651 998 917 1064 introitu
950 1017 993 1061 a
1026 999 1339 1082 portitore
1374 1020 1491 1064 suo
1526 999 1622 1063 sic
1657 1000 2078 1064 salutaretur:
2125 996 2374 1080 ‘Vigila,
2403 996 2657 1075 Hennil,

406 1084 648 1168 vigilal’
694 1121 779 1130 —
824 1084 917 1148 sic
970 1085 1139 1148 enim
1192 1086 1439 1150 rustica
1489 1084 1842 1150 vocabatur
1892 1084 2180 1168 lingua¹‚
2233 1119 2316 1130 -
2372 1089 2436 1148 et
2487 1080 2661 1171 [epu-

408 1169 621 1236 lantes
701 1167 795 1234 ibi
865 1168 1159 1258 delicate]
1238 1171 1317 1236 de
1391 1171 1676 1236 eiusdem
1750 1192 1816 1236 se
1885 1171 2055 1236 tueri
2118 1167 2412 1244 custodia
2480 1169 2662 1234 stulti

407 1255 853 1334 autumabant,
897 1255 1270 1339 ignorantes
1316 1257 1478 1322 illud
1523 1257 1914 1322 Daviticum:
1987 1254 2346 1321 simulacra
2389 1255 2661 1338 yentium
2687 1255 2971 1347 palumbus,

410 1364 601 1427 opera
654 1342 966 1406 hominum
1018 1348 1084 1406 et
1134 1348 1405 1408 caetera.
1496 1340 1752 1407 Similes
1804 1339 1982 1430 [illis]
2015 1343 2188 1426 fiant
2225 1341 2538 1424 facientes
2587 1363 2659 1405 ea
2808 1336 2818 1346 '
2878 1336 2888 1346 ‘

405 1437 462 1492 et
505 1427 864 1512 confidentes
904 1427 1045 1492 hiis.

132 1522 156 1545 *
184 1533 299 1562 mv·-
320 1523 379 1562 D·
580 1515 679 1580 70.
726 1511 890 1600 (51.)
935 1511 1135 1593 *Quia
1160 1533 1310 1578 vero
1341 1533 1530 1579 omne
1556 1534 1778 1578 rarum
1815 1518 1915 1579 est
1950 1513 2174 1596 utique
2209 1510 2660 1576 admirandum

406 1619 485 1664 ac
528 1618 794 1682 persepe
839 1604 911 1663 ut
952 1605 1247 1682 portenta
1290 1599 1698 1683 stupendum,
1743 1598 1888 1663 ideo
1933 1598 2260 1682 quandam
2295 1618 2448 1677 rem,
2495 1618 2663 1680 quae

406 1685 473 1748 in
541 1684 783 1750 nostris
854 1685 1067 1750 evenit
1132 1685 1557 1767 temporibus,
1631 1685 1924 1767 explanO.
2025 1684 2442 1750 Serenissimo
2511 1704 2661 1766 rege

410 1769 710 1836 Heinrico
785 1771 981 1835 tuncb
1037 1770 1426 1836 ’dominante
1495 1791 1575 1835 ac
1646 1770 1974 1854 wigberto
2045 1778 2452 1836 antecessore
2519 1789 2660 1833 meo

403 1857 671 1940 vigente,
716 1857 785 1921 in
830 1855 1017 1920 villa⁰
1068 1855 1348 1939 quadam
1393 1855 1670 1921 Rotlizid
1722 1855 1964 1935 dicta2,
2022 1877 2215 1942 quam
2270 1877 2310 1920 a
2364 1861 2660 1922 matrona

405 1942 755 2007 venerabili
782 1940 916 2018 Ida,
944 1961 1115 2005 nuru
1132 1941 1327 2024 primi
1348 1941 1600 2006 Ottonis
1611 1941 1660 2020 3,
1688 1950 1946 2008 nostrae
1971 1943 2280 2008 traditam
2309 1941 2661 2007 aecclesiae

408 2026 579 2092 Gezo
623 2027 987 2111 prepositus
1022 2032 1213 2090 tuneo
1247 2027 1313 2090 in
1349 2025 1731 2093 beneficium
1767 2031 1996 2110 tenuit,
2041 2030 2212 2095 sicut
2245 2028 2329 2094 ab
2363 2048 2440 2092 eo
2479 2049 2656 2093 vera-

406 2112 570 2177 citer
632 2111 943 2196 comperi,
1008 2112 1261 2179 accidit.
1370 2113 1447 2177 In
1506 2133 1712 2180 messe
1773 2114 2128 2194 laboriosa,
2189 2136 2336 2180 cum
2397 2114 2464 2178 in
2528 2135 2658 2179 una

404 2196 653 2262 dierum
716 2197 998 2281 operarii
1059 2198 1345 2262 eiusdem
1406 2200 1538 2264 iam
1599 2201 1758 2266 lassi
1819 2222 1887 2266 se
1956 2201 2312 2266 voluissent
2379 2199 2657 2276 reficere,

404 2303 639 2367 panem
673 2283 975 2366 primitus
1008 2284 1283 2348 incisum
1320 2285 1696 2368 sanguinem
1731 2286 2030 2352 viderunt
2063 2286 2414 2363 effundere3
2461 2285 2654 2368 idque

120 2393 374 2445 *som-132
406 2370 801 2434 admirantes
870 2369 1107 2435 seniori
1168 2390 1285 2435 suo
1348 2371 1844 2455 concivibusque
1905 2374 2268 2438 ostendunt.
2374 2371 2517 2450 *Et,
2589 2382 2658 2436 ut

404 2474 571 2535 reor,
618 2454 737 2521 hoc
778 2454 1139 2539 prodigium
1182 2455 1385 2521 futuri
1430 2458 1676 2523 exitum
1727 2458 1879 2523 belli
1933 2479 2010 2523 ac
2061 2458 2130 2522 in
2182 2479 2256 2522 eo
2309 2458 2652 2523 multorum

402 2562 694 2607 cruorem
738 2541 1066 2607 hominum
1109 2542 1503 2627 presignavit
1546 2551 2016 2614 emanaturum.

574 2632 676 2697 71.
725 2627 1011 2693 Alteram
1056 2648 1313 2712 quoque
1356 2649 1511 2708 rem,
1559 2631 1850 2714 quamvis
1895 2630 2098 2696 multo
2144 2630 2652 2709 laudabiliorem,

401 2720 619 2779 tamen
681 2713 1040 2780 mirabilem
1104 2714 1578 2798 memoriaeque
1639 2714 1900 2800 dignam
1962 2716 2275 2783 describo.
2375 2716 2448 2780 In
2506 2738 2656 2782 aree

402 2800 731 2877 Romulea,
796 2819 963 2883 quae
1021 2799 1305 2865 omnium
1364 2807 1463 2865 est
1517 2800 1731 2885 capud
1788 2802 2045 2868 urbium
2108 2801 2192 2868 ob
2253 2801 2654 2867 diversarum

402 2885 782 2968 qualitatem
825 2906 1185 2965 causarum,
1238 2886 1306 2950 in
1358 2907 1491 2952 una
1542 2888 1857 2954 aecclesia
1913 2895 1980 2953 et
2029 2889 2097 2953 in
2151 2888 2416 2953 dextera
2466 2898 2654 2972 parte

401 2970 645 3050 altaris,
692 2970 776 3035 ab
820 2991 949 3037 uno
994 2972 1341 3052 pavimenti
1385 2971 1703 3039 foramine
1747 2995 1862 3059 per
1903 2976 2222 3058 integrum
2258 2973 2446 3052 diem,
2492 2974 2654 3038 mul-

401 3058 487 3122 tis
522 3056 646 3122 hoc
682 3055 1091 3121 cernentibus
1126 3062 1321 3141 atque
1347 3058 1775 3143 stupentibus,
1811 3060 2022 3125 oleum
2049 3061 2390 3127 emanavit.
2445 3060 2654 3125 Huius

398 3148 650 3227 partem
684 3142 1003 3207 Iohannes
1040 3142 1361 3208 Crecentii
1404 3143 1576 3210 filius
1619 3146 1687 3210 in
1733 3146 1994 3231 ampula
2029 3145 2311 3230 quadam
2351 3146 2653 3211 Heinrico

402 3228 642 3293 seniori
695 3248 813 3293 suo
866 3234 932 3293 et
981 3234 1138 3293 tunc
1193 3228 1331 3312 regi
1386 3238 1609 3297 nostro
1666 3233 2030 3298 transmisit
2085 3239 2168 3309 et,
2228 3233 2382 3316 quia
2441 3232 2654 3297 oleum

399 3334 567 3379 nunc
610 3335 727 3398 pro
768 3313 1212 3380 misericordia
1253 3316 1532 3398 ponitur,
1578 3324 1652 3383 ut
1686 3323 1787 3383 est
1819 3318 2008 3383 illud:
2057 3316 2306 3406 [oleum
2341 3319 2415 3383 de
2451 3320 2656 3405 capite
2683 3330 2801 3374 Eucl-
2819 3333 2858 3383 9,
2883 3334 2923 3374 8·

399 3412 504 3466 tuo
545 3422 669 3464 mm
722 3400 982 3484 deficiet,
1036 3420 1205 3465 nunc
1254 3422 1373 3485 pro
1424 3402 1830 3483 adulacione,
1885 3410 1961 3469 ut
2013 3404 2132 3469 hoc
2185 3403 2338 3492 estz]
2435 3404 2653 3471 Oleum
2681 3400 2846 3492 ¹²⁸⁸¹¹5¹²·
2871 3405 2960 3451 ¹4⁰2

162 3508 184 3531 2·
210 3508 366 3557 12859.
389 3486 741 3573 peccatoris
764 3507 889 3551 -non
913 3486 980 3550 in
1030 3487 1236 3573 inquet
1260 3499 1447 3572 caput
1482 3511 1709 3568 mcum,
1746 3490 1814 3553 in
1849 3489 1968 3555 hoc
2005 3492 2185 3574 signo
2214 3489 2652 3555 *clementiam
2819 3480 2830 3493 ’

396 3571 667 3637 rectoris
720 3571 926 3636 nostri
1022 3570 1457 3638 abundantem
1510 3584 1577 3639 et
1626 3575 1801 3641 illius
1857 3576 2118 3657 patricii
2174 3576 2504 3640 lasciviam
2559 3577 2653 3641 la-

396 3664 637 3723 tentem
694 3657 1038 3742 perpendo.
1141 3656 1437 3742 Namque
1503 3660 1561 3725 is
1618 3661 2010 3743 apostolicae
2067 3662 2238 3735 sedis
2291 3661 2655 3727 destructor

392 3742 767 3809 muneribus
811 3744 947 3807 suis
1004 3749 1069 3808 et
1110 3744 1676 3827 promissionibus¹
1719 3746 2112 3832 phaleratis4
2165 3768 2378 3831 regem
2431 3768 2472 3813 a
2520 3748 2652 3813 Deo

397 3830 817 3896 constitutum
880 3829 946 3893 in
1006 3829 1225 3913 palam
1286 3851 1435 3913 sepe
1504 3831 1966 3911 honorificavit,
2038 3832 2148 3898 sed
2219 3834 2651 3917 inperatoriae

397 3915 734 4000 dignitatis
790 3914 1119 4000 fastigium
1182 3914 1355 3981 hunc
1416 3917 1759 3983 ascendere
1819 3918 2093 3983 multum
2157 3918 2390 3995 timuit,
2449 3920 2650 3984 omni-

395 4070 437 4120 a)
463 4071 536 4111 bis
562 4070 607 4111 0.
730 4070 759 4110 b
804 4079 969 4109 erasum
996 4072 1037 4109 1.
1160 4068 1201 4120 c)
1229 4070 1369 4111 nuilla
1394 4073 1451 4112 D.
1575 4072 1622 4123 d)
1649 4078 1667 4111 t
1692 4076 1729 4113 et
1754 4075 1928 4114 alterum
1955 4074 1970 4113 1
1999 4084 2162 4113 erasum
2190 4076 2229 4114 1.
2353 4072 2396 4125 e)
2422 4085 2586 4114 meum
2611 4077 2650 4114 1.

394 4120 433 4172 f)
458 4122 553 4163 suis
579 4132 744 4162 natum
771 4125 811 4161 1.

399 4243 451 4307 1)
500 4242 656 4309 Gonf.
704 4242 791 4297 die
838 4242 1385 4308 Heinzelmfinnchem
1446 4247 1497 4298 I.
1536 4244 1766 4307 Grimm,
1822 4244 2112 4302 ‘Deutsche
2157 4248 2516 4316 Mytholoyie’
2561 4245 2648 4314 ⁴1,

395 4310 499 4364 416
533 4318 584 4366 et
615 4312 733 4367 421.
870 4312 925 4379 2)
964 4311 1118 4381 Quae
1148 4328 1259 4368 non
1292 4314 1407 4367 iam
1442 4322 1632 4369 exstat.
1770 4313 1824 4379 3)
1861 4316 2018 4370 Filia
2049 4316 2380 4370 Herimanni
2402 4318 2453 4371 I.
2491 4317 2650 4372 ducis

398 4378 755 4435 Alamanniae
780 4381 1096 4447 (926—949)
1133 4386 1185 4435 et
1207 4397 1379 4437 umore
1406 4383 1647 4449 Lindolfi
1673 4382 1882 4438 Ottonis
1906 4386 1956 4438 Ι.
1993 4385 2110 4452 filii,
2145 4386 2182 4448 †
2209 4385 2309 4439 986
2321 4404 2335 4447 ;
2373 4385 2444 4453 cf.
2473 4388 2561 4453 II,
2595 4388 2648 4441 4.

396 4446 453 4511 4)
490 4446 644 4512 Confi
679 4464 853 4516 supra
902 4449 964 4515 V,
1003 4452 1069 4505 10
1104 4467 1155 4505 n.
1227 4451 1347 4517 (L)
1681 4474 1688 4480 ·
