3100 5050
425 390 526 447 166
1042 388 1449 445 'smmum
1483 388 1745 447 CHRON.
1814 390 1953 446 LIB.
1988 390 2081 447 vl.

237 552 388 607 10⁰9.
425 563 503 607 ex
547 541 894 623 improviso
937 563 1134 608 manu
1170 542 1386 608 valida
1430 542 1902 609 circumdantes
1938 550 2309 629 expugnant
2362 551 2429 610 et
2472 544 2678 610 divisa

425 628 601 693 omni
620 628 951 711 congerie·
975 627 1285 694 radicitus
1306 627 1512 719 [illud]
1531 629 1817 695 deiciunt
1838 650 1915 694 ac
1946 630 2241 695 incendio
2280 636 2678 699 consumunt.

595 714 699 781 54.
774 712 1072 779 Pervenit
1124 712 1266 802 [hoc
1344 714 1426 780 ad
1478 735 1673 780 aures
1717 715 1915 797 regis,
1968 720 2035 781 et
2087 714 2425 781 confestim
2468 716 2679 780 idemb

425 797 507 864 ad
570 798 941 882 Merseburg
997 800 1158 867 haec
1215 822 1256 865 a
1357 799 1796 865 discutienda⁰
1852 801 2236 885 properavit.
2350 800 2473 866 Sed
2532 822 2678 866 cum

423 883 664 949 ibidem
681 885 1113 967 predictorum
1131 888 1482 952 sententias
1499 888 1803 951 comitum
1822 886 2398 966 animadvertisset,
2425 886 2680 969 culpam

425 990 674 1035 omnem
716 972 1070 1037 Guncelino
1111 972 1410 1057 imputat,
1455 972 1609 1056 quia
1650 993 1719 1037 se
1762 974 1830 1036 in
1874 972 2094 1037 multis
2134 973 2313 1057 prius
2350 977 2681 1055 sperneret

426 1062 491 1121 et
532 1056 600 1120 in
642 1056 829 1122 illato
875 1057 998 1123 sibi
1043 1056 1356 1123 dedecore
1399 1058 1679 1122 ultorem
1719 1078 1851 1143 ¹non
1904 1064 2329 1142 exspectaret.
2428 1058 2682 1124 Adiecit

425 1148 670 1221 autem,
742 1142 914 1227 quod
982 1143 1262 1208 familias
1333 1144 1681 1208 multorum
1748 1160 1897 1228 sepe
1958 1142 2026 1207 id
2088 1143 2214 1209 sibi
2274 1146 2679 1229 querentium

423 1227 638 1292 Iudeis
682 1228 968 1293 vendidit
1019 1235 1086 1293 et
1139 1250 1254 1293 nec
1297 1230 1478 1294 iussu
1521 1250 1639 1295 suo
1686 1228 1803 1293 has
1845 1227 2113 1294 reddere
2154 1250 2273 1295 nec
2308 1229 2680 1295 *latrocinia
2705 1252 2728 1275 *
2754 1264 2802 1302 ρ.
2821 1253 2927 1294 882.

425 1314 644 1378 multis
679 1334 718 1377 a
754 1334 872 1379 sua
906 1320 1226 1396 potestate
1259 1316 1561 1381 nocentia
1594 1335 1899 1398 umquam
1937 1315 2187 1381 curavit
2221 1316 2676 1399 compescered.

425 1399 695 1482 Insuper
720 1406 986 1482 questus
1012 1408 1113 1465 est
1139 1401 1445 1465 maiorem
1473 1400 1647 1483 apud
1674 1400 2063 1466 Bolizlavum
2103 1400 2373 1466 fratrem
2400 1403 2679 1485 gratiam

426 1486 734 1551 hactenus
769 1484 1091 1563 habuisse,
1136 1506 1330 1570 quam
1367 1483 1472 1575 [ei]
1511 1487 1767 1551 deceret
1802 1492 1915 1551 aut
1950 1485 2071 1552 sibi
2107 1486 2361 1571 placere
2397 1486 2678 1552 deberet.

425 1570 535 1636 Hii
568 1579 897 1655 presentes
935 1578 1136 1650 erant,
1175 1573 1286 1656 qui
1322 1593 1469 1637 cum
1505 1578 1705 1637 semet
1738 1572 1897 1653 ipsis
1934 1592 2114 1637 reum
2148 1594 2288 1637 esse
2324 1572 2698 1638 maiestatis

425 1677 732 1723 accusare
801 1656 1158 1724 voluerunt.
1273 1658 1450 1723 Inter
1516 1664 1617 1722 tot
1682 1658 2174 1723 lamentationes
2254 1664 2318 1722 et
2395 1659 2680 1723 eiusdem

427 1763 816 1824 suorumque
860 1744 1322 1821 excusationes,
1367 1744 1729 1828 principum
1770 1744 2229 1809 communiter⁰
2263 1744 2603 1810 consilium
2641 1764 2681 1808 a

423 1850 572 1913 rege
625 1829 959 1911 quaeritur
1002 1835 1069 1894 et
1111 1829 1196 1893 ab
1240 1829 1367 1895 hiis
1410 1829 1521 1895 diu
1578 1829 1699 1895 hoc
1742 1836 1984 1895 secrete
2026 1829 2421 1895 volventibus
2466 1830 2684 1896 taliter

425 1913 873 1997 respondetur:
921 1914 1192 1980 ‘Scimus
1237 1915 1406 1981 hunc
1461 1937 1615 1999 erga
1663 1937 1773 1982 vos
1818 1915 2318 1981 inexcusabilem
2366 1937 2495 1981 non
2543 1936 2682 1981 esse

425 2007 511 2085 et,
565 2007 639 2065 ut
689 2000 983 2065 vestrae*
1034 2002 1264 2085 pietati
1316 2022 1384 2066 se
1436 2004 1611 2066 omni
1672 2002 2097 2067 reluctatione
2152 2008 2401 2066 remota
2442 2002 2680 2081 tradat,

423 2086 614 2151 nobis
666 2086 902 2151 bonum
945 2086 1217 2154 videtur.
1317 2090 1695 2153 Ammoneat
1737 2088 1889 2151 ‘vos
1942 2087 2307 2153 misericors
2351 2088 2554 2162 Deus,
2607 2093 2683 2152 ut
2708 2107 2837 2159 *foa
2858 2111 2962 2150 ηε.

427 2194 553 2239 non
606 2172 925 2257 qualitate
979 2174 1213 2238 suimet
1262 2174 1502 2251 meriti,
1568 2172 1710 2238 sedf
1757 2193 1872 2257 pro
1925 2174 2287 2257 quantitate
2338 2172 2681 2238 ineffabilis

425 2259 802 2325 clementiae
837 2260 1179 2331 vestrimet,
1222 2258 1306 2323 ad
1341 2259 1701 2342 exemplum
1737 2258 2032 2323 omnibus
2067 2258 2153 2323 ad
2201 2279 2313 2323 vos
2358 2259 2681 2325 conversis

427 2343 520 2434 [in
575 2366 650 2410 eo
706 2341 1028 2432 faciatis].’
1150 2344 1394 2409 Horum
1453 2345 1754 2409 consultu
1818 2366 1931 2409 rex
2006 2345 2335 2428 asspirans
2401 2345 2683 2426 suscepit

429 2432 701 2496 eundem
755 2437 819 2495 et
871 2429 1140 2495 Arnulfo
1193 2431 1468 2495 antistiti
1520 2430 1792 2495 firmiter
1842 2428 2335 2495 custodiendum
2393 2430 2680 2509 tradidit,

426 2517 692 2602 presidii
753 2517 1238 2582 continuatione
1311 2514 1394 2582 ab
1448 2516 1741 2582 hostibus
1793 2516 1989 2582 Misni
2048 2518 2342 2582 muniens
2412 2538 2683 2601 eamque

429 2603 514 2669 ad
557 2610 808 2687 tempus
851 2602 1312 2687 providendum
1356 2603 1755 2668 Frithericol
1800 2603 2258 2672 committens&

242 2693 393 2747 1010·
597 2692 702 2756 55.
775 2688 1074 2753 Proxima
1117 2709 1262 2752 vero
1309 2709 1514 2753 messe
1559 2690 1918 2754 interventu
1957 2689 2219 2770 reginae
2268 2694 2333 2752 et
2375 2687 2683 2753 instinctu

429 2777 563 2840 cari
599 2775 946 2858 Taginonis
995 2773 1386 2839 Herimanno
1443 2775 1663 2839 comiti
1708 2775 2038 2839 marcham
2092 2773 2273 2839 dedit
2314 2782 2381 2838 et
2420 2775 2683 2840 consilio

430 2867 498 2926 et
539 2859 771 2926 laudeh
815 2861 1175 2946 principum
1222 2860 1590 2924 eorundem.

602 2947 760 3032 (37.)
861 2947 1116 3011 Interea
1185 2946 1541 3027 predictam
1614 2946 1839 3010 urbem
1910 2945 2085 3010 Brun
2156 2965 2395 3018 comes,
2480 2945 2684 3010 frater

431 3031 798 3111 Guncelini‚
854 3032 1076 3096 ordine
1119 3032 1276 3096 vicis
1320 3052 1475 3096 suae
1519 3030 1951 3112 custodiebat;
2008 3039 2073 3096 et
2116 3051 2262 3097 ecce
2306 3033 2508 3116 priori
2560 3030 2683 3110 die,

431 3139 625 3203 quam
671 3118 1096 3182 Herimannus
1141 3118 1540 3198 adventaret,
1596 3139 1825 3200 magna
1869 3118 2271 3183 Poleniorum
2319 3124 2574 3182 caterva
2616 3118 2682 3181 in

430 3206 639 3289 primo
692 3204 821 3269 diei
874 3205 1246 3286 crepusculo
1304 3204 1514 3268 Albim
1571 3211 1974 3287 transgressa
2032 3225 2235 3287 usque
2288 3203 2372 3268 ad
2428 3210 2685 3286 portam

433 3291 712 3356 civitatis
766 3289 888 3355 sibi
943 3290 1299 3372 promissae
1353 3290 1617 3354 silenter
1670 3290 1981 3356 veniebat.
2086 3288 2208 3354 Sed
2264 3310 2409 3354 cum
2460 3289 2685 3372 positis

431 3375 670 3443 ibidem
714 3376 1028 3440 militibus
1074 3374 1286 3441 facilis
1331 3375 1392 3440 ei
1434 3396 1561 3440 non
1606 3382 1862 3460 pateret
1905 3375 2231 3450 introitus,
2288 3381 2385 3439 est
2426 3395 2686 3440 reversa

430 3463 660 3539 tristis,
696 3482 812 3546 pro
848 3460 1056 3527 dolor!
1094 3463 1300 3542 illesa,
1338 3468 1403 3527 et
1437 3463 1676 3527 nemini
1708 3482 1964 3526 nocens:
2027 3461 2237 3525 Huius
2263 3463 2356 3526 rei
2384 3459 2685 3526 ductores

434 3555 617 3614 erant
676 3549 802 3612 duo
860 3547 1243 3612 Wethenici¹
1305 3568 1384 3612 ex
1437 3547 1777 3625 suburb10‚
1842 3554 1916 3612 ut
1968 3554 2116 3630 post
2162 3547 2514 3612 revelatum
2568 3553 2683 3611 est.

430 3634 720 3718 Namque
766 3633 859 3698 hii
904 3635 1214 3716 sanguine
1261 3652 1375 3698 suo
1422 3632 1620 3698 talem
1672 3633 1902 3699 merito
1949 3635 2488 3716 presumptionem
2542 3653 2686 3714 per-

123 3699 395 3803 wffhssffn’
427 3720 698 3786 solvunt.
788 3718 1153 3784 Bolizlavus
1198 3724 1408 3783 autem
1466 3720 1635 3783 inter
1678 3739 1855 3803 spem
1909 3724 2276 3802 metumque
2330 3717 2687 3783 sollicitusk

431 3804 543 3958 gn?
579 3806 894 3871 Budusin¹
921 3802 1082 3893 [hos]
1110 3804 1493 3888 expectabat
1529 3811 1612 3882 et,
1641 3811 1716 3869 ut
1740 3803 2087 3870 adventare
2124 3805 2328 3869 socios
2357 3803 2685 3887 comperit,

477 3915 511 3958 e
541 3914 726 3958 usum
772 3913 839 3956 se
883 3891 1166 3975 graviter
1211 3897 1446 3972 portat.
1524 3891 1679 3955 Post
1713 3887 1971 3978 [haec]m
2006 3889 2436 3955 Herimannus
2475 3909 2687 3954 comes

545 4049 600 4112 ³¹⁸)
637 4063 740 4118 que
774 4061 973 4114 magna
1008 4061 1120 4099 esse
1155 4048 1431 4113 expertum
1467 4048 1550 4100 est
1585 4047 1713 4102 add.
1740 4049 1788 4110 2,
1827 4052 1896 4100 A.
1923 4046 1980 4100 S.

431 4170 476 4218 a)
521 4167 716 4218 congerit
752 4167 803 4217 B,
841 4175 946 4204 eor-r.
980 4164 1032 4203 2*-
1161 4162 1208 4214 b)
1249 4164 1295 4203 id
1331 4168 1399 4202 est
1431 4167 1485 4216 Β,
1523 4178 1631 4206 σον-ν.
1659 4167 1705 4206 Τ.
1836 4166 1876 4214 c)
1920 4164 2158 4204 discuenda
2194 4165 2231 4204 1.
2337 4163 2384 4215 d)
2428 4175 2476 4204 es
2512 4163 2613 4203 add.
2636 4163 2685 4202 T.

433 4221 475 4272 e)
500 4219 769 4259 communies
797 4218 850 4266 B,
878 4228 988 4256 corr.
1010 4215 1058 4254 Τ.
1152 4216 1188 4267 f)
1216 4217 1254 4255 si
1279 4217 1331 4266 B,
1361 4228 1471 4258 corr.
1492 4219 1542 4258 T.
1636 4219 1682 4268 g)
1708 4217 1920 4257 comitans
1943 4219 1982 4265 1,
2008 4217 2225 4255 commisit
2250 4215 2290 4256 8.
2384 4215 2433 4265 h)
2468 4226 2567 4255 cum
2592 4213 2687 4254 filio

431 4287 476 4322 οι
518 4279 700 4319 laudant
733 4281 926 4328 3,,ωη.
951 4277 1000 4318 T.
1145 4277 1178 4325 ι)
1223 4275 1263 4314 01
1290 4276 1393 4316 aad.
1426 4278 1476 4320 Τ.
1619 4277 1668 4329 k)
1713 4269 1875 4318 aoiiicst
1894 4281 1933 4318 1.
2047 4276 2081 4325 1)
2126 4276 2325 4325 busintg
2351 4275 2539 4315 Budizin
2564 4274 2617 4315 Α.
2638 4274 2687 4314 s,

432 4334 494 4384 m)
522 4334 582 4372 ita
613 4335 669 4381 T,·
701 4330 903 4371 Postadte
923 4331 962 4370 Β
981 4340 1065 4380 pro
1093 4335 1266 4380 postera
1291 4327 1376 4369 dle.

440 4429 488 4494 1)
526 4429 773 4484 Dedom‘s
793 4427 981 4492 fratri
1013 4441 1186 4493 supra
1221 4427 1291 4488 (e.
1318 4427 1411 4483 50)
1447 4430 1756 4490 memorato,
1795 4423 1974 4478 comiti
2006 4422 2449 4489 Eilenburqensi.
