3100 5050
207 895 230 919 *
255 906 302 945 p.
318 896 411 937 814.

154 1667 178 1691 '⁸'
199 1668 285 1718 fol.
306 1670 412 1709 111⁴.

1049 380 1456 437 ΤΗΙΕΤΜΑΒΙ
1489 379 1753 436 CHRON.
1820 381 1956 438 LIB.
1991 381 2087 437 VI.
2592 382 2690 437 151

441 536 679 600 tionem
725 556 805 599 ex
849 534 1168 618 inproviso
1220 534 1538 599 irruentes
1583 532 1997 601 confundunt.
2100 534 2407 617 Fugiente
2451 555 2529 599 eo
2576 554 2692 599 rex
2730 545 2879 601 1007.

441 621 510 685 in
546 620 800 687 Christo
832 620 1074 685 victore
1112 619 1414 697 laetatur,
1473 618 1710 684 flumen
1752 618 2224 703 transgreditur
2267 620 2691 685 vicinitatem—

487 728 566 771 ue
610 706 977 789 contiguam
1019 704 1372 789 populatur.
1384 704 1426 773 ¹.
1517 704 1678 771 Cum
1722 710 1939 769 autem
1983 704 2069 769 ad
2112 704 2467 787 abbaciam,
2524 726 2692 787 quae
2716 721 2851 776 (Aug.
2872 724 2958 775 19).

501 798 611 857 ent
654 791 893 857 dicitur
907 788 955 869 ²,
1007 792 1304 870 veniret⁸,
1363 811 1404 855 a
1448 790 1887 856 confratribus
1932 790 2106 856 illius
2160 790 2508 856 aecclesiae
2555 811 2693 855 sus-

442 885 663 962 ceptus
705 878 844 941 loco
890 875 1150 941 eodomb
1187 888 1253 940 et
1300 876 1484 942 bonis
1519 876 2107 961 *appertinentibus
2144 874 2435 965 [cunctis]
2470 897 2695 961 peper-

439 964 544 1031 cit.
647 962 931 1028 Tandem
993 961 1346 1027 Balduinus
1407 982 1642 1045 magna
1701 963 2084 1027 necessitate
2143 970 2403 1027 coactus
2464 961 2693 1026 humili
2716 980 2867 1033 (σοι).

440 1046 914 1132 supplicacione
961 1048 1210 1113 veniam
1254 1046 1577 1131 inpetrat3
1613 1053 1679 1113 et
1711 1068 1838 1112 non
1873 1047 2057 1131 longe
2092 1048 2281 1131 post4
2314 1070 2429 1131 per
2463 1069 2693 1113 manus

436 1134 652 1217 regis*
697 1133 961 1199 effectus
1003 1133 1339 1198 Walecorn
1384 1138 1488 1198 et⁰
1538 1134 2052 1217 prenominatam
2108 1133 2331 1198 urbem
2388 1134 2456 1197 in
2501 1134 2692 1199 bene-

438 1218 657 1285 ficium
700 1219 1242 1303 adipiciscitur**.

610 1306 712 1371 30.
752 1304 913 1392 (23.)
982 1304 1344 1370 Pacificatis
1392 1312 1548 1369 tunc
1593 1304 1883 1387 partibus
1918 1303 2045 1369 hiis
2083 1304 2507 1386 generaliter‘1
2542 1324 2693 1369 con-

440 1390 658 1455 cilium
715 1391 781 1455 in
835 1389 1386 1455 Fronkenevordi⁰
1439 1412 1480 1455 a
1528 1412 1683 1473 rege
1726 1389 2032 1472 ponitur⁵
2090 1398 2159 1455 et
2200 1390 2321 1455 hoc
2365 1389 2447 1455 ab
2491 1390 2692 1456 omni·
2721 1409 2851 1463 (nov.
2872 1409 2930 1461 1).

439 1475 559 1541 bus
604 1476 946 1561 Cisalpinis
990 1476 1393 1542 antistitibus
1435 1477 1757 1542 visitatur.

611 1560 890 1628 Causam
933 1582 1082 1627 vero
1127 1562 1592 1644 precedentem,
1637 1562 1854 1639 lector,
1904 1560 2167 1626 auribus
2212 1562 2457 1644 accipe!
2557 1560 2691 1625 Rex

439 1668 480 1711 a
520 1669 720 1733 puero
772 1647 1099 1731 quandam
1145 1648 1378 1713 suimet
1420 1648 1765 1727 civitatem,
1829 1646 2233 1731 Bavanbergf
2272 1647 2545 1727 nomine,
2590 1646 2693 1711 *in

441 1734 743 1799 orientali
777 1734 1053 1799 Francia
1096 1732 1314 1814 sitam,
1376 1734 1562 1798 unice
1608 1733 1906 1798 dilectam
1950 1754 2063 1818 pre
2108 1732 2383 1798 caeteris
2418 1732 2695 1797 excoluit

439 1824 503 1883 et
543 1840 742 1885 uxore
786 1819 983 1885 ducta
1027 1818 1297 1884 eandem
1341 1820 1401 1884 ei
1449 1820 1518 1884 in
1556 1818 1767 1884 dotem
1813 1818 2007 1886 dedit.
2093 1817 2443 1903 Postquam
2477 1823 2694 1883 autem

437 1904 523 1969 ad
567 1906 749 1988 regni
794 1926 1017 1969 curam
1062 1904 1278 1969 divina
1322 1905 1735 1970 miseratione
1776 1910 2243 1988 promoveturss,
2302 1924 2552 1986 semper
2594 1910 2695 1969 ta-

439 1991 570 2055 cita
612 1996 825 2056 mente
868 1990 1112 2055 ibidem
1156 1992 1600 2073 episcopatum
1646 1997 2012 2055 construere
2050 1991 2259 2073 gestit.
2351 1989 2476 2055 Sed
2520 1989 2692 2073 quia,

439 2082 514 2139 ut
555 2074 825 2140 Flaccus
869 2082 1165 2155 testatur,
1210 2076 1547 2141 dimidium
1576 2076 1769 2161 facti,
1826 2076 1936 2161 qui
1978 2077 2155 2161 cepit,
2211 2076 2408 2155 habet,
2458 2096 2692 2140 novam
2720 2078 2924 2171 ⁸⁰38&
2944 2079 2985 2129 1»

439 2160 532 2225 ibi
577 2160 839 2225 inchoat
883 2160 1259 2227 aecclesiam
1305 2183 1450 2227 cum
1495 2162 1719 2245 criptis
1763 2160 2012 2226 duabus
2066 2168 2131 2226 et
2171 2162 2440 2245 perficit.
2542 2160 2692 2225 Om-
2814 2158 2828 2181 ’
2908 2158 2921 2170 '

437 2246 550 2310 nia
601 2253 844 2327 autem,
909 2268 1075 2331 quae
1128 2246 1211 2311 ad
1265 2246 1550 2314 divinum
1640 2248 1909 2313 ertinuit
1952 2248 2326 2325 misterium,
2380 2246 2694 2329 paulatim

439 2353 831 2415 congregans
874 2363 879 2368 ·
933 2332 1308 2398 Heinricum
1396 2270 2003 2417 wirciburgiensem
2102 2333 2473 2417 episcopum
2569 2330 2694 2396 sibi

439 2418 716 2482 multum
783 2418 1198 2499 familiarem,
1269 2426 1344 2484 ut
1411 2420 1739 2503 proposito
1808 2418 2009 2483 animi
2080 2418 2315 2482 suimet
2374 2418 2693 2501 asspirare

436 2504 741 2570 voluisset
805 2505 1337 2590 parrochiamque
1411 2506 1480 2570 in
1537 2527 1733 2590 pago,
1803 2504 1914 2589 qui
1974 2527 2015 2569 a
2075 2502 2398 2570 Radinzca
2457 2502 2695 2568 fluviofi

437 2611 669 2656 nomen
732 2593 1024 2670 sortitur,
1087 2592 1364 2676 positam
1417 2592 1819 2668 concederet,
1882 2590 2007 2655 sibi
2058 2590 2428 2656 concambio
2478 2589 2693 2655 vendi—

439 2677 712 2742 candam
783 2674 953 2765 [sepe
1016 2675 1307 2764 rogavit].
1423 2677 1659 2742 Dilecti
1729 2677 1998 2742 senioris
2067 2675 2271 2742 iustas
2340 2677 2692 2760 peticiones

437 2763 657 2846 presul
707 2761 979 2847 benigne
1034 2762 1386 2847 suscipiens
1448 2784 1525 2829 ea
1577 2763 1834 2828 racione
1886 2763 2234 2840 consensit,
2301 2769 2375 2826 ut
2424 2761 2693 2846 pallium

437 2869 595 2914 suae
665 2850 1045 2930 permittens
1115 2849 1466 2915 aecclesiae
1536 2847 2148 2932 Bavenbergiensem
2208 2846 2332 2912 sibi
2390 2847 2693 2913 subderet

435 2940 792 3020 pastorem;
847 2934 1093 3018 hocque
1135 2933 1367 3001 baculo
1403 2935 1638 3000 suimet
1682 2933 1823 3018 regi
1865 2933 2016 2999 dato
2052 2939 2119 2997 et
2155 2933 2433 3017 quodam
2466 2932 2693 3017 predio

440 3039 557 3102 pro
616 3019 1108 3085 commutatione
1159 3021 1414 3105 prefata
1457 3020 1699 3085 tradito
1744 3020 1913 3085 clam
1955 3017 2249 3084 firmavit.
2340 3018 2499 3083 Cum
2541 3039 2692 3085 vero

441 3125 508 3169 se
565 3103 1145 3186 archipresulatum
1199 3105 1565 3171 nullatenus
1622 3105 1895 3191 adipisci
1950 3125 2139 3187 posse
2196 3105 2489 3184 sentiret,
2545 3125 2695 3188 pro-

442 3190 663 3256 missa·
685 3191 1000 3272 complere
1043 3212 1364 3257 rennuens
1417 3191 1501 3256 ad
1559 3193 1895 3257 concilium
1949 3196 2212 3256 vocatus
2256 3191 2694 3274 supramemo-

440 3282 656 3341 ratum
699 3276 914 3341 venire
959 3275 1182 3345 noluit.
1638 3305 1643 3310 ’

551 3448 604 3514 *)
641 3447 795 3502 miles
831 3449 960 3504 add.
989 3451 1038 3514 2,
1076 3451 1146 3504 A.
1173 3449 1232 3505 S.

516 3533 609 3602 **)
645 3535 850 3590 Εναεὶε
897 3551 1073 3604 supra
1119 3537 1178 3590 in
1227 3537 1414 3590 dextro
1460 3536 1709 3604 maryine
1756 3551 1849 3590 sem
1890 3519 2137 3590 versibus
2182 3536 2281 3589 hoc
2328 3537 2441 3590 loco
2483 3536 2542 3590 in
2584 3535 2693 3588 imo

647 3620 766 3658 mar
801 3604 890 3658 ine
925 3605 1159 3660 inseruit
1192 3605 1280 3660 N:
1337 3605 1520 3659 Mense
1554 3603 1696 3659 Iulio
1732 3606 1787 3658 et
1822 3602 1969 3657 ΧῙΙο
1994 3603 2119 3658 Kal.
2155 3601 2295 3672 Aug.
2333 3602 2501 3666 Gisla,
2537 3619 2693 3657 vene·

645 3671 1124 3808 ggggliissurmatrona
1173 3675 1228 3728 et
1272 3675 1446 3728 mater
1490 3673 1637 3742 regis
1679 3673 1849 3727 nostri
1890 3671 2098 3736 inclita,
2135 3671 2275 3727 obiit
2310 3675 2365 3726 et
2400 3671 2694 3727 Ratisbone

439 3895 483 3944 a)
509 3895 711 3935 venii-ent
727 3895 781 3935 Β.
884 3894 933 3946 b)
959 3894 1099 3935 eidem
1117 3895 1306 3936 radendo
1320 3897 1426 3945 alqu-
1445 3906 1551 3935 corr.
1572 3897 1614 3935 1.
1718 3891 1761 3946 ο)
1787 3897 1832 3934 ot
1847 3893 2129 3934 vacuatum
2146 3895 2187 3945 8,
2207 3893 2559 3934 Valentimanam
2576 3893 2628 3933 A.
2645 3894 2691 3934 S.

440 3946 720 4048 argentei-⁸10
733 3948 1040 4049 sopri-mma?
1051 3957 1216 4039 ἵππω
1241 3951 1281 3987 1.
1404 3945 1447 3998 e)
1483 3945 1798 3986 frankoniam-di
1822 3944 2011 3985 radendo
2034 3947 2138 3995 atqu.
2169 3957 2275 3986 corr.
2303 3947 2344 3985 1.
2465 3943 2505 3996 f)
2529 3946 2695 3985 baban-

443 4135 495 4201 1)
535 4137 692 4200 Quod
727 4137 893 4191 XIV.
920 4136 1055 4191 Kal.
1081 4135 1228 4203 Sept.
1256 4136 1522 4191 accidisse
1558 4137 1705 4190 Ama.
1740 4134 2169 4190 Blandinienses
2201 4133 2327 4196 (SS.
2361 4135 2433 4198 V)
2476 4153 2530 4189 a.
2559 4136 2697 4191 1007

441 4203 714 4272 refer-unu
750 4203 985 4260 ‘Jahrb.’
1013 4207 1100 4271 II,
1143 4205 1361 4260 10-13.
1501 4204 1555 4270 2)
1590 4203 1671 4258 St.
1696 4203 1946 4258 Bavom's
1982 4203 2259 4259 abbatiam
2291 4205 2351 4258 in
2376 4204 2510 4259 urbe
2537 4202 2694 4259 Gent.

443 4272 495 4337 3)
532 4272 582 4325 A
619 4273 874 4342 uiam-ani
905 4289 1085 4329 mense
1121 4273 1234 4329 Oct.
1263 4273 1421 4336 10073
1466 4289 1517 4327 v.
1544 4269 1616 4327 ‘J
1612 4271 1783 4328 ahrb!
1818 4272 1906 4338 ΙΙ,
1944 4273 2028 4325 12.
2190 4270 2245 4334 4)
2312 4273 2694 4328 Valenciemnes

445 4291 774 4396 Baquwinus
799 4344 1037 4407 fortasse
1065 4360 1115 4397 a.
1131 4344 1282 4409 1009,
1320 4339 1637 4396 Walcheren
1663 4341 1797 4395 1012
1836 4341 2050 4394 demum
2077 4341 2315 4408 accepit3
2356 4341 2427 4407 cf.
2450 4342 2521 4399 ‘J
2516 4341 2695 4399 (ὐπὸ)

443 4409 531 4475 II,
566 4410 668 4464 282
703 4417 755 4466 et
786 4412 905 4466 321.
1041 4412 1095 4477 5)
1138 4411 1272 4467 Vide
1308 4408 1546 4465 ‘Jahrb’
1584 4412 1672 4476 II,
1708 4409 1930 4465 66—70.
2071 4409 2124 4474 6)
2162 4409 2413 4468 Rednitz.
