<?xml version="1.0" encoding="UTF-8"?>
<!DOCTYPE html PUBLIC "-//W3C//DTD XHTML 1.0 Transitional//EN"
    "http://www.w3.org/TR/xhtml1/DTD/xhtml1-transitional.dtd">
<html xmlns="http://www.w3.org/1999/xhtml" xml:lang="en" lang="en">
 <head>
  <title>
</title>
<meta http-equiv="Content-Type" content="text/html;charset=utf-8" />
  <meta name='ocr-system' content='tesseract 3.04.00' />
  <meta name='ocr-capabilities' content='ocr_page ocr_carea ocr_par ocr_line ocrx_word'/>
</head>
<body>
  <div class='ocr_page' id='page_1' title='image "./thietmarimerseb00lappgoog_0138.png"; bbox 0 0 3100 5050; ppageno 0'>
   <div class='ocr_carea' id='block_1_1' title="bbox 205 570 361 627">
    <p class='ocr_par' dir='ltr' id='par_1_1' title="bbox 205 570 361 627">
     <span class='ocr_line' id='line_1_1' title="bbox 205 570 361 627; baseline -0.019 0"><span class='ocrx_word' id='word_1_1' title='bbox 205 570 361 627; x_wconf 79' lang='lat'><strong><em>1002.</em></strong></span> 
     </span>
    </p>
   </div>
   <div class='ocr_carea' id='block_1_2' title="bbox 165 1244 370 1294">
    <p class='ocr_par' dir='ltr' id='par_1_2' title="bbox 165 1244 370 1294">
     <span class='ocr_line' id='line_1_2' title="bbox 165 1244 370 1294; baseline -0.005 -8"><span class='ocrx_word' id='word_1_2' title='bbox 165 1244 284 1294; x_wconf 67' lang='lat' dir='ltr'>Aug.</span> <span class='ocrx_word' id='word_1_3' title='bbox 304 1246 370 1286; x_wconf 83' lang='grc' dir='ltr'>ιο.</span> 
     </span>
    </p>
   </div>
   <div class='ocr_carea' id='block_1_3' title="bbox 401 384 2035 468">
    <p class='ocr_par' dir='ltr' id='par_1_3' title="bbox 401 384 2035 468">
     <span class='ocr_line' id='line_1_3' title="bbox 401 384 2035 468; baseline 0.004 -6"><span class='ocrx_word' id='word_1_4' title='bbox 401 407 502 463; x_wconf 83' lang='lat'>118</span> <span class='ocrx_word' id='word_1_5' title='bbox 899 384 904 391; x_wconf 83' lang='lat'>&#39;</span> <span class='ocrx_word' id='word_1_6' title='bbox 1021 405 1426 463; x_wconf 62' lang='lat' dir='ltr'>mmmmm</span> <span class='ocrx_word' id='word_1_7' title='bbox 1459 406 1724 465; x_wconf 69' lang='lat' dir='ltr'>onnon.</span> <span class='ocrx_word' id='word_1_8' title='bbox 1792 410 1932 467; x_wconf 79' lang='lat' dir='ltr'>Lm.</span> <span class='ocrx_word' id='word_1_9' title='bbox 1967 411 2035 468; x_wconf 89' lang='lat' dir='ltr'>v.</span> 
     </span>
    </p>
   </div>
   <div class='ocr_carea' id='block_1_4' title="bbox 395 559 2658 3480">
    <p class='ocr_par' dir='ltr' id='par_1_4' title="bbox 395 559 2658 2965">
     <span class='ocr_line' id='line_1_4' title="bbox 575 559 2650 649; baseline 0 -20"><span class='ocrx_word' id='word_1_10' title='bbox 575 561 672 629; x_wconf 89' lang='grc'>19.</span> <span class='ocrx_word' id='word_1_11' title='bbox 717 559 882 647; x_wconf 83' lang='grc'>(11.)</span> <span class='ocrx_word' id='word_1_12' title='bbox 950 560 1295 643; x_wconf 81' lang='lat' dir='ltr'>Dispositis</span> <span class='ocrx_word' id='word_1_13' title='bbox 1339 562 1561 646; x_wconf 86' lang='lat' dir='ltr'>itaque</span> <span class='ocrx_word' id='word_1_14' title='bbox 1604 563 1921 643; x_wconf 88' lang='lat' dir='ltr'>omnibus,</span> <span class='ocrx_word' id='word_1_15' title='bbox 1965 569 2158 647; x_wconf 86' lang='lat' dir='ltr'>prout</span> <span class='ocrx_word' id='word_1_16' title='bbox 2200 570 2451 649; x_wconf 89' lang='lat' dir='ltr'>tempus</span> <span class='ocrx_word' id='word_1_17' title='bbox 2495 570 2650 630; x_wconf 89' lang='lat' dir='ltr'>tunc</span> 
     </span>
     <span class='ocr_line' id='line_1_5' title="bbox 397 646 2651 731; baseline 0 -17"><span class='ocrx_word' id='word_1_18' title='bbox 397 654 554 724; x_wconf 81' lang='lat' dir='ltr'>erat,</span> <span class='ocrx_word' id='word_1_19' title='bbox 591 667 860 731; x_wconf 86' lang='lat' dir='ltr'>regnum</span> <span class='ocrx_word' id='word_1_20' title='bbox 896 646 1378 713; x_wconf 86' lang='lat' dir='ltr'>Liuthariorum</span> <span class='ocrx_word' id='word_1_21' title='bbox 1416 654 1632 731; x_wconf 90' lang='lat' dir='ltr'>petere</span> <span class='ocrx_word' id='word_1_22' title='bbox 1668 650 2011 717; x_wconf 89' lang='lat' dir='ltr'>contendit.</span> <span class='ocrx_word' id='word_1_23' title='bbox 2084 650 2395 716; x_wconf 79' lang='lat' dir='ltr'>Veniente</span> <span class='ocrx_word' id='word_1_24' title='bbox 2432 656 2651 716; x_wconf 87' lang='lat' dir='ltr'>autem</span> 
     </span>
     <span class='ocr_line' id='line_1_6' title="bbox 396 732 2651 817; baseline 0.001 -18"><span class='ocrx_word' id='word_1_25' title='bbox 396 755 474 799; x_wconf 92' lang='lat' dir='ltr'>eo</span> <span class='ocrx_word' id='word_1_26' title='bbox 536 732 624 799; x_wconf 88' lang='lat' dir='ltr'>ad</span> <span class='ocrx_word' id='word_1_27' title='bbox 681 732 936 811; x_wconf 87' lang='lat' dir='ltr'>urbem,</span> <span class='ocrx_word' id='word_1_28' title='bbox 1000 754 1166 817; x_wconf 83' lang='lat' dir='ltr'>quae</span> <span class='ocrx_word' id='word_1_29' title='bbox 1228 753 1394 798; x_wconf 90' lang='lat' dir='ltr'>nova</span> <span class='ocrx_word' id='word_1_30' title='bbox 1454 733 1731 799; x_wconf 88' lang='lat' dir='ltr'>Corbeia</span> <span class='ocrx_word' id='word_1_31' title='bbox 1782 743 2077 811; x_wconf 84' lang='lat' dir='ltr'>vocatur,</span> <span class='ocrx_word' id='word_1_32' title='bbox 2138 736 2222 802; x_wconf 91' lang='lat' dir='ltr'>ab</span> <span class='ocrx_word' id='word_1_33' title='bbox 2282 756 2359 803; x_wconf 85' lang='lat' dir='ltr'>ea</span> <span class='ocrx_word' id='word_1_34' title='bbox 2419 757 2651 801; x_wconf 88' lang='lat' dir='ltr'>nomen</span> 
     </span>
     <span class='ocr_line' id='line_1_7' title="bbox 398 818 2652 903; baseline 0.001 -18"><span class='ocrx_word' id='word_1_35' title='bbox 398 821 657 897; x_wconf 87' lang='lat' dir='ltr'>sortita,</span> <span class='ocrx_word' id='word_1_36' title='bbox 719 818 890 884; x_wconf 92' lang='lat' dir='ltr'>unde</span> <span class='ocrx_word' id='word_1_37' title='bbox 953 819 1147 903; x_wconf 78' lang='lat' dir='ltr'>cepit,</span> <span class='ocrx_word' id='word_1_38' title='bbox 1210 819 1454 884; x_wconf 90' lang='lat' dir='ltr'>scilicet</span> <span class='ocrx_word' id='word_1_39' title='bbox 1515 819 1598 884; x_wconf 85' lang='lat' dir='ltr'>ab</span> <span class='ocrx_word' id='word_1_40' title='bbox 1660 820 1772 885; x_wconf 85' lang='lat' dir='ltr'>illa</span> <span class='ocrx_word' id='word_1_41' title='bbox 1828 821 2217 886; x_wconf 83' lang='lat' dir='ltr'>Francorum</span> <span class='ocrx_word' id='word_1_42' title='bbox 2271 821 2652 887; x_wconf 88' lang='lat' dir='ltr'>Latinorum</span> 
     </span>
     <span class='ocr_line' id='line_1_8' title="bbox 397 902 2651 987; baseline 0 -15"><span class='ocrx_word' id='word_1_43' title='bbox 397 905 694 981; x_wconf 81' lang='lat' dir='ltr'>Corbeia,</span> <span class='ocrx_word' id='word_1_44' title='bbox 751 902 864 969; x_wconf 90' lang='lat' dir='ltr'>ubi</span> <span class='ocrx_word' id='word_1_45' title='bbox 914 906 1262 987; x_wconf 86' lang='lat' dir='ltr'>requiescit</span> <span class='ocrx_word' id='word_1_46' title='bbox 1315 911 1579 970; x_wconf 87' lang='lat' dir='ltr'>sanctus</span> <span class='ocrx_word' id='word_1_47' title='bbox 1622 906 1810 971; x_wconf 88' lang='lat' dir='ltr'>Vitus</span> <span class='ocrx_word' id='word_1_48' title='bbox 1862 906 2078 971; x_wconf 87' lang='lat' dir='ltr'>infans</span> <span class='ocrx_word' id='word_1_49' title='bbox 2132 913 2199 973; x_wconf 90' lang='lat' dir='ltr'>et</span> <span class='ocrx_word' id='word_1_50' title='bbox 2249 909 2499 987; x_wconf 86' lang='lat' dir='ltr'>martir,</span> <span class='ocrx_word' id='word_1_51' title='bbox 2552 909 2651 972; x_wconf 90' lang='lat' dir='ltr'>in·</span> 
     </span>
     <span class='ocr_line' id='line_1_9' title="bbox 397 989 2652 1074; baseline 0 -17"><span class='ocrx_word' id='word_1_52' title='bbox 397 993 552 1057; x_wconf 91' lang='lat' dir='ltr'>clita</span> <span class='ocrx_word' id='word_1_53' title='bbox 588 989 1007 1074; x_wconf 83' lang='lat' dir='ltr'>Cunigunda⁸</span> <span class='ocrx_word' id='word_1_54' title='bbox 1051 1012 1170 1056; x_wconf 88' lang='lat' dir='ltr'>sua</span> <span class='ocrx_word' id='word_1_55' title='bbox 1213 992 1448 1055; x_wconf 85' lang='lat' dir='ltr'>coniux</span> <span class='ocrx_word' id='word_1_56' title='bbox 1486 992 1544 1055; x_wconf 92' lang='lat' dir='ltr'>ei</span> <span class='ocrx_word' id='word_1_57' title='bbox 1585 991 1891 1071; x_wconf 88' lang='lat' dir='ltr'>occurrit;</span> <span class='ocrx_word' id='word_1_58' title='bbox 1939 992 2053 1058; x_wconf 91' lang='lat' dir='ltr'>ubi</span> <span class='ocrx_word' id='word_1_59' title='bbox 2089 993 2277 1059; x_wconf 88' lang='lat' dir='ltr'>ambo</span> <span class='ocrx_word' id='word_1_60' title='bbox 2312 1016 2355 1059; x_wconf 89' lang='lat' dir='ltr'>a</span> <span class='ocrx_word' id='word_1_61' title='bbox 2388 1014 2652 1059; x_wconf 89' lang='lat' dir='ltr'>venera-</span> 
     </span>
     <span class='ocr_line' id='line_1_10' title="bbox 397 1076 2651 1163; baseline 0 -19"><span class='ocrx_word' id='word_1_62' title='bbox 397 1078 512 1144; x_wconf 89' lang='lat' dir='ltr'>bili</span> <span class='ocrx_word' id='word_1_63' title='bbox 557 1077 791 1143; x_wconf 81' lang='lat' dir='ltr'>abbate</span> <span class='ocrx_word' id='word_1_64' title='bbox 835 1076 1232 1142; x_wconf 79' lang='lat' dir='ltr'>Thietmarob</span> <span class='ocrx_word' id='word_1_65' title='bbox 1253 1105 1264 1117; x_wconf 93' lang='lat'><strong>·</strong></span> <span class='ocrx_word' id='word_1_66' title='bbox 1285 1077 1308 1121; x_wconf 84' lang='lat'>¹</span> <span class='ocrx_word' id='word_1_67' title='bbox 1355 1097 1500 1141; x_wconf 92' lang='lat' dir='ltr'>cum</span> <span class='ocrx_word' id='word_1_68' title='bbox 1545 1078 1719 1143; x_wconf 91' lang='lat' dir='ltr'>omni</span> <span class='ocrx_word' id='word_1_69' title='bbox 1762 1076 2002 1143; x_wconf 89' lang='lat' dir='ltr'>honore</span> <span class='ocrx_word' id='word_1_70' title='bbox 2054 1080 2523 1163; x_wconf 89' lang='lat' dir='ltr'>suscipiuntur,</span> <span class='ocrx_word' id='word_1_71' title='bbox 2585 1086 2651 1144; x_wconf 87' lang='lat' dir='ltr'>et</span> 
     </span>
     <span class='ocr_line' id='line_1_11' title="bbox 400 1161 2650 1250; baseline 0 -22"><span class='ocrx_word' id='word_1_72' title='bbox 400 1164 490 1229; x_wconf 92' lang='lat' dir='ltr'>ibi</span> <span class='ocrx_word' id='word_1_73' title='bbox 535 1163 768 1228; x_wconf 87' lang='lat' dir='ltr'>divinis</span> <span class='ocrx_word' id='word_1_74' title='bbox 815 1167 879 1228; x_wconf 90' lang='lat' dir='ltr'>et</span> <span class='ocrx_word' id='word_1_75' title='bbox 920 1161 1220 1227; x_wconf 90' lang='lat' dir='ltr'>humanis</span> <span class='ocrx_word' id='word_1_76' title='bbox 1265 1161 1581 1246; x_wconf 88' lang='lat' dir='ltr'>honorati,</span> <span class='ocrx_word' id='word_1_77' title='bbox 1638 1162 1721 1227; x_wconf 86' lang='lat' dir='ltr'>ad</span> <span class='ocrx_word' id='word_1_78' title='bbox 1770 1162 2305 1230; x_wconf 78' lang='lat' dir='ltr'>Pathebrunnan⁰</span> <span class='ocrx_word' id='word_1_79' title='bbox 2346 1164 2460 1231; x_wconf 90' lang='lat' dir='ltr'>leti</span> <span class='ocrx_word' id='word_1_80' title='bbox 2500 1184 2650 1250; x_wconf 89' lang='lat' dir='ltr'>pro-</span> 
     </span>
     <span class='ocr_line' id='line_1_12' title="bbox 399 1246 2651 1332; baseline -0.001 -16"><span class='ocrx_word' id='word_1_81' title='bbox 399 1251 793 1316; x_wconf 88' lang='lat' dir='ltr'>ficiscuntur.</span> <span class='ocrx_word' id='word_1_82' title='bbox 889 1246 1159 1313; x_wconf 86' lang='lat' dir='ltr'>Postera</span> <span class='ocrx_word' id='word_1_83' title='bbox 1210 1247 1382 1327; x_wconf 90' lang='lat' dir='ltr'>luce,</span> <span class='ocrx_word' id='word_1_84' title='bbox 1438 1269 1602 1332; x_wconf 88' lang='lat' dir='ltr'>quae</span> <span class='ocrx_word' id='word_1_85' title='bbox 1655 1248 1893 1314; x_wconf 89' lang='lat' dir='ltr'>mundo</span> <span class='ocrx_word' id='word_1_86' title='bbox 1946 1250 2176 1315; x_wconf 85' lang='lat' dir='ltr'>festiva</span> <span class='ocrx_word' id='word_1_87' title='bbox 2219 1251 2435 1317; x_wconf 86' lang='lat' dir='ltr'>illuxit</span> <span class='ocrx_word' id='word_1_88' title='bbox 2474 1250 2651 1315; x_wconf 86' lang='lat' dir='ltr'>beati</span> 
     </span>
     <span class='ocr_line' id='line_1_13' title="bbox 396 1333 2652 1417; baseline 0 -16"><span class='ocrx_word' id='word_1_89' title='bbox 396 1336 734 1401; x_wconf 85' lang='lat' dir='ltr'>Laurentii</span> <span class='ocrx_word' id='word_1_90' title='bbox 770 1334 1082 1412; x_wconf 89' lang='lat' dir='ltr'>martiri0,</span> <span class='ocrx_word' id='word_1_91' title='bbox 1129 1333 1362 1398; x_wconf 86' lang='lat' dir='ltr'>domna</span> <span class='ocrx_word' id='word_1_92' title='bbox 1399 1333 1782 1417; x_wconf 87' lang='lat' dir='ltr'>Cunigunda</span> <span class='ocrx_word' id='word_1_93' title='bbox 1827 1334 2335 1402; x_wconf 81' lang='lat' dir='ltr'>benedictionem</span> <span class='ocrx_word' id='word_1_94' title='bbox 2372 1341 2438 1401; x_wconf 89' lang='lat' dir='ltr'>et</span> <span class='ocrx_word' id='word_1_95' title='bbox 2472 1356 2652 1401; x_wconf 91' lang='lat' dir='ltr'>coro-</span> 
     </span>
     <span class='ocr_line' id='line_1_14' title="bbox 397 1418 2653 1504; baseline 0 -18"><span class='ocrx_word' id='word_1_96' title='bbox 397 1443 548 1487; x_wconf 91' lang='lat' dir='ltr'>nam</span> <span class='ocrx_word' id='word_1_97' title='bbox 628 1429 694 1486; x_wconf 89' lang='lat' dir='ltr'>et</span> <span class='ocrx_word' id='word_1_98' title='bbox 769 1418 1010 1503; x_wconf 88' lang='lat' dir='ltr'>Sophia</span> <span class='ocrx_word' id='word_1_99' title='bbox 1080 1440 1263 1485; x_wconf 88' lang='lat' dir='ltr'>soror</span> <span class='ocrx_word' id='word_1_100' title='bbox 1323 1420 1729 1503; x_wconf 87' lang='lat' dir='ltr'>imperatoris</span> <span class='ocrx_word' id='word_1_101' title='bbox 1791 1442 1832 1486; x_wconf 88' lang='lat' dir='ltr'>a</span> <span class='ocrx_word' id='word_1_102' title='bbox 1892 1441 2042 1504; x_wconf 85' lang='lat' dir='ltr'>rege</span> <span class='ocrx_word' id='word_1_103' title='bbox 2112 1422 2241 1486; x_wconf 89' lang='lat' dir='ltr'>iam</span> <span class='ocrx_word' id='word_1_104' title='bbox 2304 1422 2653 1487; x_wconf 84' lang='lat' dir='ltr'>constituta</span> 
     </span>
     <span class='ocr_line' id='line_1_15' title="bbox 397 1504 2654 1593; baseline -0 -21"><span class='ocrx_word' id='word_1_105' title='bbox 397 1504 775 1572; x_wconf 85' lang='lat' dir='ltr'>abbatissa²</span> <span class='ocrx_word' id='word_1_106' title='bbox 835 1506 1376 1571; x_wconf 88' lang='lat' dir='ltr'>consecrationem</span> <span class='ocrx_word' id='word_1_107' title='bbox 1420 1526 1461 1570; x_wconf 88' lang='lat' dir='ltr'>a</span> <span class='ocrx_word' id='word_1_108' title='bbox 1496 1505 1857 1589; x_wconf 54' lang='lat' dir='ltr'>willigiso*</span> <span class='ocrx_word' id='word_1_109' title='bbox 1911 1505 2393 1593; x_wconf 82' lang='lat' dir='ltr'>archiepiscopo</span> <span class='ocrx_word' id='word_1_110' title='bbox 2448 1508 2654 1572; x_wconf 89' lang='lat' dir='ltr'>humi-</span> 
     </span>
     <span class='ocr_line' id='line_1_16' title="bbox 395 1590 2651 1677; baseline -0 -18"><span class='ocrx_word' id='word_1_111' title='bbox 395 1594 546 1659; x_wconf 90' lang='lat' dir='ltr'>liter</span> <span class='ocrx_word' id='word_1_112' title='bbox 590 1598 1028 1674; x_wconf 87' lang='lat' dir='ltr'>susceperunt.</span> <span class='ocrx_word' id='word_1_113' title='bbox 1117 1590 1454 1657; x_wconf 88' lang='lat' dir='ltr'>Publicum</span> <span class='ocrx_word' id='word_1_114' title='bbox 1499 1591 1650 1657; x_wconf 88' lang='lat' dir='ltr'>inde</span> <span class='ocrx_word' id='word_1_115' title='bbox 1694 1593 2024 1674; x_wconf 84' lang='lat' dir='ltr'>consurgit</span> <span class='ocrx_word' id='word_1_116' title='bbox 2070 1592 2404 1676; x_wconf 86' lang='lat' dir='ltr'>gaudium,</span> <span class='ocrx_word' id='word_1_117' title='bbox 2459 1593 2651 1677; x_wconf 89' lang='lat' dir='ltr'>quod,</span> 
     </span>
     <span class='ocr_line' id='line_1_17' title="bbox 400 1676 2653 1764; baseline 0.001 -21"><span class='ocrx_word' id='word_1_118' title='bbox 400 1700 513 1762; x_wconf 85' lang='lat' dir='ltr'>pro</span> <span class='ocrx_word' id='word_1_119' title='bbox 540 1678 770 1764; x_wconf 79' lang='lat' dir='ltr'>pudor!</span> <span class='ocrx_word' id='word_1_120' title='bbox 799 1676 1148 1741; x_wconf 81' lang='lat' dir='ltr'>admodum</span> <span class='ocrx_word' id='word_1_121' title='bbox 1176 1676 1462 1742; x_wconf 85' lang='lat' dir='ltr'>turbavit</span> <span class='ocrx_word' id='word_1_122' title='bbox 1487 1677 1879 1744; x_wconf 87' lang='lat' dir='ltr'>insatiabilis</span> <span class='ocrx_word' id='word_1_123' title='bbox 1906 1679 2177 1744; x_wconf 84' lang='lat' dir='ltr'>avaritia</span> <span class='ocrx_word' id='word_1_124' title='bbox 2201 1680 2653 1746; x_wconf 84' lang='lat' dir='ltr'>Bawariorum.</span> 
     </span>
     <span class='ocr_line' id='line_1_18' title="bbox 399 1761 2653 1850; baseline 0.001 -23"><span class='ocrx_word' id='word_1_125' title='bbox 399 1764 508 1830; x_wconf 91' lang='lat' dir='ltr'>Hii</span> <span class='ocrx_word' id='word_1_126' title='bbox 537 1784 811 1848; x_wconf 89' lang='lat' dir='ltr'>namque</span> <span class='ocrx_word' id='word_1_127' title='bbox 849 1764 1072 1844; x_wconf 86' lang='lat' dir='ltr'>paucis</span> <span class='ocrx_word' id='word_1_128' title='bbox 1109 1761 1282 1826; x_wconf 85' lang='lat' dir='ltr'>domi</span> <span class='ocrx_word' id='word_1_129' title='bbox 1318 1784 1571 1846; x_wconf 88' lang='lat' dir='ltr'>semper</span> <span class='ocrx_word' id='word_1_130' title='bbox 1606 1764 1911 1841; x_wconf 79' lang='lat' dir='ltr'>contenti,</span> <span class='ocrx_word' id='word_1_131' title='bbox 1940 1766 2224 1830; x_wconf 81' lang='lat' dir='ltr'>exterius</span> <span class='ocrx_word' id='word_1_132' title='bbox 2250 1787 2397 1831; x_wconf 86' lang='lat' dir='ltr'>vero</span> <span class='ocrx_word' id='word_1_133' title='bbox 2427 1786 2653 1850; x_wconf 87' lang='lat' dir='ltr'>prope-</span> 
     </span>
     <span class='ocr_line' id='line_1_19' title="bbox 399 1847 2654 1935; baseline 0 -20"><span class='ocrx_word' id='word_1_134' title='bbox 399 1850 590 1915; x_wconf 90' lang='lat' dir='ltr'>modo</span> <span class='ocrx_word' id='word_1_135' title='bbox 644 1847 1076 1927; x_wconf 86' lang='lat' dir='ltr'>insaciabiles,</span> <span class='ocrx_word' id='word_1_136' title='bbox 1131 1870 1274 1913; x_wconf 88' lang='lat' dir='ltr'>cum</span> <span class='ocrx_word' id='word_1_137' title='bbox 1329 1850 1684 1914; x_wconf 89' lang='lat' dir='ltr'>vicinorum</span> <span class='ocrx_word' id='word_1_138' title='bbox 1737 1848 1955 1934; x_wconf 83' lang='lat' dir='ltr'>fruges</span> <span class='ocrx_word' id='word_1_139' title='bbox 2012 1852 2073 1915; x_wconf 91' lang='lat' dir='ltr'>vi</span> <span class='ocrx_word' id='word_1_140' title='bbox 2121 1851 2474 1935; x_wconf 83' lang='lat' dir='ltr'>diriperent</span> <span class='ocrx_word' id='word_1_141' title='bbox 2517 1871 2654 1915; x_wconf 86' lang='lat' dir='ltr'>eos-</span> 
     </span>
     <span class='ocr_line' id='line_1_20' title="bbox 398 1933 2653 2021; baseline -0 -19"><span class='ocrx_word' id='word_1_142' title='bbox 398 1959 523 2021; x_wconf 89' lang='lat' dir='ltr'>que</span> <span class='ocrx_word' id='word_1_143' title='bbox 575 1935 700 2000; x_wconf 90' lang='lat' dir='ltr'>hoc</span> <span class='ocrx_word' id='word_1_144' title='bbox 752 1934 1203 1999; x_wconf 80' lang='lat' dir='ltr'>defendentes⁰</span> <span class='ocrx_word' id='word_1_145' title='bbox 1255 1933 1620 2010; x_wconf 77' lang='lat' dir='ltr'>caederent,</span> <span class='ocrx_word' id='word_1_146' title='bbox 1680 1957 1896 2019; x_wconf 87' lang='lat' dir='ltr'>pugna</span> <span class='ocrx_word' id='word_1_147' title='bbox 1954 1937 2330 2018; x_wconf 86' lang='lat' dir='ltr'>gravissima</span> <span class='ocrx_word' id='word_1_148' title='bbox 2380 1937 2653 2002; x_wconf 90' lang='lat' dir='ltr'>invicem</span> 
     </span>
     <span class='ocr_line' id='line_1_21' title="bbox 395 2020 2653 2104; baseline -0.001 -15"><span class='ocrx_word' id='word_1_149' title='bbox 395 2022 618 2089; x_wconf 89' lang='lat' dir='ltr'>oritur.</span> <span class='ocrx_word' id='word_1_150' title='bbox 722 2020 1068 2086; x_wconf 87' lang='lat' dir='ltr'>Domestici</span> <span class='ocrx_word' id='word_1_151' title='bbox 1120 2022 1291 2103; x_wconf 87' lang='lat' dir='ltr'>regis</span> <span class='ocrx_word' id='word_1_152' title='bbox 1345 2022 1633 2099; x_wconf 77' lang='lat' dir='ltr'>exeuntf,</span> <span class='ocrx_word' id='word_1_153' title='bbox 1697 2020 2037 2104; x_wconf 86' lang='lat' dir='ltr'>indigenae</span> <span class='ocrx_word' id='word_1_154' title='bbox 2092 2044 2232 2088; x_wconf 91' lang='lat' dir='ltr'>cum</span> <span class='ocrx_word' id='word_1_155' title='bbox 2288 2022 2653 2088; x_wconf 82' lang='lat' dir='ltr'>adventitiis</span> 
     </span>
     <span class='ocr_line' id='line_1_22' title="bbox 397 2105 2653 2194; baseline 0 -22"><span class='ocrx_word' id='word_1_156' title='bbox 397 2108 777 2194; x_wconf 87' lang='lat' dir='ltr'>preveniunt</span> <span class='ocrx_word' id='word_1_157' title='bbox 829 2112 892 2171; x_wconf 90' lang='lat' dir='ltr'>et</span> <span class='ocrx_word' id='word_1_158' title='bbox 945 2105 1436 2189; x_wconf 89' lang='lat' dir='ltr'>subsequuntur.</span> <span class='ocrx_word' id='word_1_159' title='bbox 1533 2108 1641 2172; x_wconf 87' lang='lat' dir='ltr'>Fit</span> <span class='ocrx_word' id='word_1_160' title='bbox 1692 2128 1961 2191; x_wconf 84' lang='lat' dir='ltr'>magnus</span> <span class='ocrx_word' id='word_1_161' title='bbox 2016 2108 2350 2187; x_wconf 82' lang='lat' dir='ltr'>conflictus</span> <span class='ocrx_word' id='word_1_162' title='bbox 2396 2130 2653 2192; x_wconf 84' lang='lat' dir='ltr'>congre-</span> 
     </span>
     <span class='ocr_line' id='line_1_23' title="bbox 399 2192 2655 2276; baseline -0.001 -17"><span class='ocrx_word' id='word_1_163' title='bbox 399 2195 712 2259; x_wconf 90' lang='lat' dir='ltr'>dientium</span> <span class='ocrx_word' id='word_1_164' title='bbox 760 2192 1205 2275; x_wconf 91' lang='lat' dir='ltr'>devictumque</span> <span class='ocrx_word' id='word_1_165' title='bbox 1250 2212 1478 2274; x_wconf 84' lang='lat' dir='ltr'>agmen</span> <span class='ocrx_word' id='word_1_166' title='bbox 1512 2192 1953 2258; x_wconf 89' lang='lat' dir='ltr'>Bawariorum</span> <span class='ocrx_word' id='word_1_167' title='bbox 1989 2194 2055 2258; x_wconf 92' lang='lat' dir='ltr'>in</span> <span class='ocrx_word' id='word_1_168' title='bbox 2092 2194 2370 2276; x_wconf 84' lang='lat' dir='ltr'>regalem</span> <span class='ocrx_word' id='word_1_169' title='bbox 2410 2201 2655 2260; x_wconf 88' lang='lat' dir='ltr'>curtem</span> 
     </span>
     <span class='ocr_line' id='line_1_24' title="bbox 401 2277 2655 2365; baseline -0 -21"><span class='ocrx_word' id='word_1_170' title='bbox 401 2281 584 2365; x_wconf 83' lang='lat' dir='ltr'>fugit.</span> <span class='ocrx_word' id='word_1_171' title='bbox 690 2279 814 2344; x_wconf 92' lang='lat' dir='ltr'>Hic</span> <span class='ocrx_word' id='word_1_172' title='bbox 865 2277 1234 2357; x_wconf 86' lang='lat' dir='ltr'>Heinricus,</span> <span class='ocrx_word' id='word_1_173' title='bbox 1295 2277 1500 2343; x_wconf 83' lang='lat' dir='ltr'>frater</span> <span class='ocrx_word' id='word_1_174' title='bbox 1560 2277 1833 2343; x_wconf 90' lang='lat' dir='ltr'>Eilberti</span> <span class='ocrx_word' id='word_1_175' title='bbox 1894 2279 2332 2360; x_wconf 83' lang='lat' dir='ltr'>cancellarii3,</span> <span class='ocrx_word' id='word_1_176' title='bbox 2398 2282 2509 2363; x_wconf 92' lang='lat' dir='ltr'>qui</span> <span class='ocrx_word' id='word_1_177' title='bbox 2568 2278 2655 2345; x_wconf 87' lang='lat' dir='ltr'>ad</span> 
     </span>
     <span class='ocr_line' id='line_1_25' title="bbox 401 2363 2655 2449; baseline 0.001 -18"><span class='ocrx_word' id='word_1_178' title='bbox 401 2387 686 2432; x_wconf 87' lang='lat' dir='ltr'>mensam</span> <span class='ocrx_word' id='word_1_179' title='bbox 749 2365 882 2449; x_wconf 84' lang='lat' dir='ltr'>regi</span> <span class='ocrx_word' id='word_1_180' title='bbox 943 2364 1179 2447; x_wconf 86' lang='lat' dir='ltr'>iugiter</span> <span class='ocrx_word' id='word_1_181' title='bbox 1241 2363 1586 2443; x_wconf 87' lang='lat' dir='ltr'>serviebat,</span> <span class='ocrx_word' id='word_1_182' title='bbox 1656 2364 1847 2429; x_wconf 86' lang='lat' dir='ltr'>hasta</span> <span class='ocrx_word' id='word_1_183' title='bbox 1905 2364 2278 2430; x_wconf 89' lang='lat' dir='ltr'>vulneratus</span> <span class='ocrx_word' id='word_1_184' title='bbox 2337 2366 2655 2433; x_wconf 88' lang='lat' dir='ltr'>occubuit.</span> 
     </span>
     <span class='ocr_line' id='line_1_26' title="bbox 399 2449 2653 2537; baseline 0 -21"><span class='ocrx_word' id='word_1_185' title='bbox 399 2453 824 2537; x_wconf 86' lang='lat' dir='ltr'>Quapropter,</span> <span class='ocrx_word' id='word_1_186' title='bbox 871 2451 981 2534; x_wconf 91' lang='lat' dir='ltr'>qui</span> <span class='ocrx_word' id='word_1_187' title='bbox 1024 2451 1205 2535; x_wconf 90' lang='lat' dir='ltr'>prius</span> <span class='ocrx_word' id='word_1_188' title='bbox 1252 2449 1542 2529; x_wconf 80' lang='lat' dir='ltr'>aberant,</span> <span class='ocrx_word' id='word_1_189' title='bbox 1590 2450 1841 2516; x_wconf 93' lang='lat' dir='ltr'>collecti</span> <span class='ocrx_word' id='word_1_190' title='bbox 1879 2450 2163 2517; x_wconf 84' lang='lat' dir='ltr'>Saxones</span> <span class='ocrx_word' id='word_1_191' title='bbox 2208 2452 2441 2516; x_wconf 90' lang='lat' dir='ltr'>iterum</span> <span class='ocrx_word' id='word_1_192' title='bbox 2487 2454 2653 2516; x_wconf 88' lang='lat' dir='ltr'>inse-</span> 
     </span>
     <span class='ocr_line' id='line_1_27' title="bbox 400 2536 2655 2617; baseline -0 -14"><span class='ocrx_word' id='word_1_193' title='bbox 400 2548 636 2605; x_wconf 90' lang='lat' dir='ltr'>cuntur</span> <span class='ocrx_word' id='word_1_194' title='bbox 703 2549 786 2617; x_wconf 85' lang='lat' dir='ltr'>et,</span> <span class='ocrx_word' id='word_1_195' title='bbox 842 2539 909 2601; x_wconf 94' lang='lat' dir='ltr'>ni</span> <span class='ocrx_word' id='word_1_196' title='bbox 961 2536 1092 2602; x_wconf 85' lang='lat' dir='ltr'>dux</span> <span class='ocrx_word' id='word_1_197' title='bbox 1143 2536 1555 2602; x_wconf 86' lang='lat' dir='ltr'>Bernhardus</span> <span class='ocrx_word' id='word_1_198' title='bbox 1609 2558 1752 2602; x_wconf 90' lang='lat' dir='ltr'>cum</span> <span class='ocrx_word' id='word_1_199' title='bbox 1807 2536 2103 2602; x_wconf 86' lang='lat' dir='ltr'>validiori</span> <span class='ocrx_word' id='word_1_200' title='bbox 2156 2560 2352 2604; x_wconf 89' lang='lat' dir='ltr'>manu</span> <span class='ocrx_word' id='word_1_201' title='bbox 2404 2539 2655 2603; x_wconf 85' lang='lat' dir='ltr'>medius</span> 
     </span>
     <span class='ocr_line' id='line_1_28' title="bbox 399 2621 2656 2704; baseline 0 -15"><span class='ocrx_word' id='word_1_202' title='bbox 399 2626 830 2704; x_wconf 87' lang='lat' dir='ltr'>interveniret,</span> <span class='ocrx_word' id='word_1_203' title='bbox 877 2644 1179 2687; x_wconf 87' lang='lat' dir='ltr'>numerus</span> <span class='ocrx_word' id='word_1_204' title='bbox 1225 2623 1502 2687; x_wconf 90' lang='lat' dir='ltr'>militum</span> <span class='ocrx_word' id='word_1_205' title='bbox 1547 2621 1838 2688; x_wconf 89' lang='lat' dir='ltr'>infinitus</span> <span class='ocrx_word' id='word_1_206' title='bbox 1876 2632 2099 2688; x_wconf 90' lang='lat' dir='ltr'>mutuo</span> <span class='ocrx_word' id='word_1_207' title='bbox 2136 2624 2413 2690; x_wconf 88' lang='lat' dir='ltr'>caderet.</span> <span class='ocrx_word' id='word_1_208' title='bbox 2502 2625 2656 2690; x_wconf 83' lang='lat' dir='ltr'>Post-</span> 
     </span>
     <span class='ocr_line' id='line_1_29' title="bbox 400 2708 2658 2795; baseline -0.001 -19"><span class='ocrx_word' id='word_1_209' title='bbox 400 2711 559 2776; x_wconf 91' lang='lat' dir='ltr'>haec</span> <span class='ocrx_word' id='word_1_210' title='bbox 595 2715 808 2774; x_wconf 85' lang='lat' dir='ltr'>autem</span> <span class='ocrx_word' id='word_1_211' title='bbox 846 2710 1144 2793; x_wconf 77' lang='lat' dir='ltr'>castigati</span> <span class='ocrx_word' id='word_1_212' title='bbox 1173 2717 1322 2773; x_wconf 90' lang='lat' dir='ltr'>sunt</span> <span class='ocrx_word' id='word_1_213' title='bbox 1348 2730 1589 2784; x_wconf 86' lang='lat' dir='ltr'>omnes,</span> <span class='ocrx_word' id='word_1_214' title='bbox 1630 2708 2012 2792; x_wconf 89' lang='lat' dir='ltr'>quicumque</span> <span class='ocrx_word' id='word_1_215' title='bbox 2050 2711 2321 2775; x_wconf 89' lang='lat' dir='ltr'>inveniri</span> <span class='ocrx_word' id='word_1_216' title='bbox 2354 2715 2658 2795; x_wconf 83' lang='lat' dir='ltr'>poterant</span> 
     </span>
     <span class='ocr_line' id='line_1_30' title="bbox 399 2795 2658 2881; baseline -0.001 -18"><span class='ocrx_word' id='word_1_217' title='bbox 399 2799 568 2863; x_wconf 87' lang='lat' dir='ltr'>tanti</span> <span class='ocrx_word' id='word_1_218' title='bbox 620 2795 880 2860; x_wconf 86' lang='lat' dir='ltr'>sceleris</span> <span class='ocrx_word' id='word_1_219' title='bbox 935 2803 1246 2860; x_wconf 67' lang='lat' dir='ltr'>auctores„</span> <span class='ocrx_word' id='word_1_220' title='bbox 1353 2795 1699 2860; x_wconf 87' lang='lat' dir='ltr'>Mestitiam</span> <span class='ocrx_word' id='word_1_221' title='bbox 1752 2796 2068 2880; x_wconf 87' lang='lat' dir='ltr'>praesulis</span> <span class='ocrx_word' id='word_1_222' title='bbox 2114 2803 2337 2880; x_wconf 88' lang='lat' dir='ltr'>postea</span> <span class='ocrx_word' id='word_1_223' title='bbox 2378 2796 2658 2881; x_wconf 87' lang='lat' dir='ltr'>placavit</span> 
     </span>
     <span class='ocr_line' id='line_1_31' title="bbox 403 2879 1518 2965; baseline 0 -18"><span class='ocrx_word' id='word_1_224' title='bbox 403 2880 933 2947; x_wconf 77' lang='lat' dir='ltr'>Bockenevorde⁴</span> <span class='ocrx_word' id='word_1_225' title='bbox 979 2902 1018 2943; x_wconf 92' lang='lat' dir='ltr'>a</span> <span class='ocrx_word' id='word_1_226' title='bbox 1062 2902 1209 2965; x_wconf 83' lang='lat' dir='ltr'>rege</span> <span class='ocrx_word' id='word_1_227' title='bbox 1254 2879 1518 2947; x_wconf 83' lang='lat' dir='ltr'>tradita.</span> 
     </span>
    </p>

    <p class='ocr_par' dir='ltr' id='par_1_5' title="bbox 399 2966 2656 3480">
     <span class='ocr_line' id='line_1_32' title="bbox 573 2966 2656 3054; baseline -0.001 -20"><span class='ocrx_word' id='word_1_228' title='bbox 573 2972 673 3036; x_wconf 80' lang='lat'>20.</span> <span class='ocrx_word' id='word_1_229' title='bbox 730 2967 894 3054; x_wconf 82' lang='lat'>(12.)</span> <span class='ocrx_word' id='word_1_230' title='bbox 980 2967 1114 3031; x_wconf 89' lang='lat' dir='ltr'>Rex</span> <span class='ocrx_word' id='word_1_231' title='bbox 1177 2973 1390 3031; x_wconf 85' lang='lat' dir='ltr'>autem</span> <span class='ocrx_word' id='word_1_232' title='bbox 1452 2971 1631 3032; x_wconf 89' lang='lat' dir='ltr'>recto</span> <span class='ocrx_word' id='word_1_233' title='bbox 1692 2966 1926 3030; x_wconf 82' lang='lat' dir='ltr'>itinere</span> <span class='ocrx_word' id='word_1_234' title='bbox 1980 2967 2131 3032; x_wconf 91' lang='lat' dir='ltr'>hinc</span> <span class='ocrx_word' id='word_1_235' title='bbox 2190 2967 2275 3032; x_wconf 88' lang='lat' dir='ltr'>ad</span> <span class='ocrx_word' id='word_1_236' title='bbox 2328 2967 2656 3050; x_wconf 85' lang='lat' dir='ltr'>Diusburg</span> 
     </span>
     <span class='ocr_line' id='line_1_33' title="bbox 399 3051 2656 3136; baseline -0 -18"><span class='ocrx_word' id='word_1_237' title='bbox 399 3055 772 3136; x_wconf 82' lang='lat' dir='ltr'>perveniens</span> <span class='ocrx_word' id='word_1_238' title='bbox 835 3053 1317 3116; x_wconf 87' lang='lat' dir='ltr'>Liutharienses</span> <span class='ocrx_word' id='word_1_239' title='bbox 1373 3073 1566 3136; x_wconf 88' lang='lat' dir='ltr'>quam</span> <span class='ocrx_word' id='word_1_240' title='bbox 1621 3051 1804 3116; x_wconf 84' lang='lat' dir='ltr'>tarde</span> <span class='ocrx_word' id='word_1_241' title='bbox 1858 3061 2205 3134; x_wconf 84' lang='lat' dir='ltr'>exspectat.</span> <span class='ocrx_word' id='word_1_242' title='bbox 2266 3051 2656 3136; x_wconf 35' lang='grc' dir='ltr'>,1100ᾶί000-</span> 
     </span>
     <span class='ocr_line' id='line_1_34' title="bbox 402 3137 2655 3222; baseline -0 -17"><span class='ocrx_word' id='word_1_243' title='bbox 402 3140 534 3206; x_wconf 85' lang='lat' dir='ltr'>sis⁵</span> <span class='ocrx_word' id='word_1_244' title='bbox 601 3159 748 3203; x_wconf 90' lang='lat' dir='ltr'>vero</span> <span class='ocrx_word' id='word_1_245' title='bbox 825 3147 890 3203; x_wconf 92' lang='lat' dir='ltr'>et</span> <span class='ocrx_word' id='word_1_246' title='bbox 951 3137 1478 3203; x_wconf 79' lang='lat' dir='ltr'>Oamaracensis6</span> <span class='ocrx_word' id='word_1_247' title='bbox 1538 3139 1825 3220; x_wconf 86' lang='lat' dir='ltr'>presules</span> <span class='ocrx_word' id='word_1_248' title='bbox 1886 3140 2075 3222; x_wconf 90' lang='lat' dir='ltr'>primi</span> <span class='ocrx_word' id='word_1_249' title='bbox 2145 3141 2272 3204; x_wconf 90' lang='lat' dir='ltr'>huc</span> <span class='ocrx_word' id='word_1_250' title='bbox 2331 3139 2655 3205; x_wconf 80' lang='lat' dir='ltr'>venientes</span> 
     </span>
     <span class='ocr_line' id='line_1_35' title="bbox 399 3223 2653 3310; baseline 0.001 -20"><span class='ocrx_word' id='word_1_251' title='bbox 399 3225 949 3310; x_wconf 87' lang='lat' dir='ltr'>archiepiscopum</span> <span class='ocrx_word' id='word_1_252' title='bbox 1039 3223 1514 3288; x_wconf 88' lang='lat' dir='ltr'>Coloniensem⁷</span> <span class='ocrx_word' id='word_1_253' title='bbox 1622 3224 1734 3288; x_wconf 88' lang='lat' dir='ltr'>diu</span> <span class='ocrx_word' id='word_1_254' title='bbox 1821 3232 2173 3290; x_wconf 86' lang='lat' dir='ltr'>morantem</span> <span class='ocrx_word' id='word_1_255' title='bbox 2261 3230 2653 3308; x_wconf 87' lang='lat' dir='ltr'>exspectant.</span> 
     </span>
     <span class='ocr_line' id='line_1_36' title="bbox 402 3308 2656 3393; baseline -0 -18"><span class='ocrx_word' id='word_1_256' title='bbox 402 3312 604 3390; x_wconf 84' lang='lat' dir='ltr'>Quem</span> <span class='ocrx_word' id='word_1_257' title='bbox 660 3333 800 3374; x_wconf 88' lang='lat' dir='ltr'>cum</span> <span class='ocrx_word' id='word_1_258' title='bbox 857 3310 1078 3388; x_wconf 76' lang='lat' dir='ltr'>altine,</span> <span class='ocrx_word' id='word_1_259' title='bbox 1142 3331 1336 3393; x_wconf 85' lang='lat' dir='ltr'>quam</span> <span class='ocrx_word' id='word_1_260' title='bbox 1390 3310 1729 3393; x_wconf 89' lang='lat' dir='ltr'>quisquam</span> <span class='ocrx_word' id='word_1_261' title='bbox 1784 3308 2099 3393; x_wconf 89' lang='lat' dir='ltr'>crederet,</span> <span class='ocrx_word' id='word_1_262' title='bbox 2155 3311 2472 3387; x_wconf 87' lang='lat' dir='ltr'>custodia,</span> <span class='ocrx_word' id='word_1_263' title='bbox 2527 3331 2656 3393; x_wconf 86' lang='lat' dir='ltr'>qua</span> 
     </span>
     <span class='ocr_line' id='line_1_37' title="bbox 402 3395 2655 3480; baseline -0.002 -18"><span class='ocrx_word' id='word_1_264' title='bbox 402 3397 759 3480; x_wconf 87' lang='lat' dir='ltr'>paululum,</span> <span class='ocrx_word' id='word_1_265' title='bbox 825 3397 994 3460; x_wconf 83' lang='lat' dir='ltr'>sicut</span> <span class='ocrx_word' id='word_1_266' title='bbox 1047 3396 1172 3460; x_wconf 90' lang='lat' dir='ltr'>iam</span> <span class='ocrx_word' id='word_1_267' title='bbox 1229 3395 1392 3474; x_wconf 85' lang='lat' dir='ltr'>dixi,</span> <span class='ocrx_word' id='word_1_268' title='bbox 1455 3395 1938 3480; x_wconf 71' lang='lat' dir='ltr'>detinebaturss,</span> <span class='ocrx_word' id='word_1_269' title='bbox 2003 3396 2070 3461; x_wconf 91' lang='lat' dir='ltr'>in</span> <span class='ocrx_word' id='word_1_270' title='bbox 2124 3398 2357 3461; x_wconf 88' lang='lat' dir='ltr'>mentis</span> <span class='ocrx_word' id='word_1_271' title='bbox 2411 3404 2655 3461; x_wconf 90' lang='lat' dir='ltr'>secreto</span> 
     </span>
    </p>
   </div>
   <div class='ocr_carea' id='block_1_5' title="bbox 400 3532 2657 3636">
    <p class='ocr_par' dir='ltr' id='par_1_6' title="bbox 400 3532 2657 3636">
     <span class='ocr_line' id='line_1_38' title="bbox 405 3532 2657 3586; baseline -0 -11"><span class='ocrx_word' id='word_1_272' title='bbox 405 3533 450 3586; x_wconf 77' lang='lat' dir='ltr'>a)</span> <span class='ocrx_word' id='word_1_273' title='bbox 492 3535 754 3582; x_wconf 74' lang='lat' dir='ltr'>cunigundis</span> <span class='ocrx_word' id='word_1_274' title='bbox 781 3535 832 3574; x_wconf 75' lang='lat' dir='ltr'>A.</span> <span class='ocrx_word' id='word_1_275' title='bbox 855 3534 912 3584; x_wconf 65' lang='lat' dir='ltr'>S„</span> <span class='ocrx_word' id='word_1_276' title='bbox 953 3533 1224 3582; x_wconf 77' lang='lat' dir='ltr'>cunegundis</span> <span class='ocrx_word' id='word_1_277' title='bbox 1253 3535 1280 3572; x_wconf 85' lang='lat'><strong><em>2</em></strong></span> <span class='ocrx_word' id='word_1_278' title='bbox 1314 3544 1492 3582; x_wconf 80' lang='lat' dir='ltr'>semper.</span> <span class='ocrx_word' id='word_1_279' title='bbox 1623 3532 1671 3582; x_wconf 88' lang='lat' dir='ltr'>b)</span> <span class='ocrx_word' id='word_1_280' title='bbox 1710 3534 1771 3572; x_wconf 69' lang='lat' dir='ltr'>ita</span> <span class='ocrx_word' id='word_1_281' title='bbox 1796 3533 1849 3573; x_wconf 76' lang='lat' dir='ltr'>A.</span> <span class='ocrx_word' id='word_1_282' title='bbox 1869 3534 1940 3582; x_wconf 79' lang='lat' dir='ltr'>S.;</span> <span class='ocrx_word' id='word_1_283' title='bbox 1976 3535 2206 3574; x_wconf 77' lang='lat' dir='ltr'>tholtmaro</span> <span class='ocrx_word' id='word_1_284' title='bbox 2234 3538 2274 3574; x_wconf 75' lang='lat'>2.</span> <span class='ocrx_word' id='word_1_285' title='bbox 2406 3533 2447 3584; x_wconf 86' lang='grc'>0)</span> <span class='ocrx_word' id='word_1_286' title='bbox 2486 3533 2657 3582; x_wconf 66' lang='lat' dir='ltr'>pather-</span> 
     </span>
     <span class='ocr_line' id='line_1_39' title="bbox 400 3584 2535 3636; baseline -0.002 -9"><span class='ocrx_word' id='word_1_287' title='bbox 400 3587 601 3627; x_wconf 86' lang='lat' dir='ltr'>brunnon</span> <span class='ocrx_word' id='word_1_288' title='bbox 627 3590 667 3635; x_wconf 81' lang='grc'>2,</span> <span class='ocrx_word' id='word_1_289' title='bbox 695 3586 745 3624; x_wconf 83' lang='lat' dir='ltr'>A.</span> <span class='ocrx_word' id='word_1_290' title='bbox 766 3587 813 3627; x_wconf 82' lang='lat' dir='ltr'>S.</span> <span class='ocrx_word' id='word_1_291' title='bbox 919 3586 964 3635; x_wconf 86' lang='lat' dir='ltr'>d)</span> <span class='ocrx_word' id='word_1_292' title='bbox 995 3585 1239 3634; x_wconf 71' lang='lat' dir='ltr'>winigisio</span> <span class='ocrx_word' id='word_1_293' title='bbox 1264 3587 1305 3626; x_wconf 83' lang='lat'>2.</span> <span class='ocrx_word' id='word_1_294' title='bbox 1412 3587 1455 3636; x_wconf 88' lang='lat' dir='ltr'>e)</span> <span class='ocrx_word' id='word_1_295' title='bbox 1482 3584 1765 3634; x_wconf 81' lang='lat' dir='ltr'>prohibentes</span> <span class='ocrx_word' id='word_1_296' title='bbox 1792 3586 1844 3624; x_wconf 82' lang='lat' dir='ltr'>A.</span> <span class='ocrx_word' id='word_1_297' title='bbox 1864 3586 1911 3625; x_wconf 84' lang='lat' dir='ltr'>S.</span> <span class='ocrx_word' id='word_1_298' title='bbox 2017 3586 2053 3634; x_wconf 81' lang='lat' dir='ltr'>f)</span> <span class='ocrx_word' id='word_1_299' title='bbox 2086 3586 2402 3636; x_wconf 82' lang='lat' dir='ltr'>superveniunt</span> <span class='ocrx_word' id='word_1_300' title='bbox 2426 3585 2535 3624; x_wconf 55' lang='grc' dir='ltr'>ΑΒ.</span> 
     </span>
    </p>
   </div>
   <div class='ocr_carea' id='block_1_6' title="bbox 393 3689 2662 4516">
    <p class='ocr_par' dir='ltr' id='par_1_7' title="bbox 393 3689 2662 4516">
     <span class='ocr_line' id='line_1_40' title="bbox 402 3689 2655 3765; baseline -0.002 -19"><span class='ocrx_word' id='word_1_301' title='bbox 402 3691 454 3754; x_wconf 94' lang='grc'>1)</span> <span class='ocrx_word' id='word_1_302' title='bbox 490 3693 669 3746; x_wconf 85' lang='lat' dir='ltr'>Error</span> <span class='ocrx_word' id='word_1_303' title='bbox 695 3691 785 3746; x_wconf 73' lang='lat' dir='ltr'>hic</span> <span class='ocrx_word' id='word_1_304' title='bbox 809 3691 1023 3745; x_wconf 79' lang='lat' dir='ltr'>videtur</span> <span class='ocrx_word' id='word_1_305' title='bbox 1048 3691 1349 3758; x_wconf 71' lang='lat' dir='ltr'>sinyularis</span> <span class='ocrx_word' id='word_1_306' title='bbox 1383 3689 1601 3756; x_wconf 76' lang='lat' dir='ltr'>(procul</span> <span class='ocrx_word' id='word_1_307' title='bbox 1626 3689 1793 3743; x_wconf 79' lang='lat' dir='ltr'>dubio</span> <span class='ocrx_word' id='word_1_308' title='bbox 1819 3691 1889 3743; x_wconf 89' lang='lat' dir='ltr'>ab</span> <span class='ocrx_word' id='word_1_309' title='bbox 1916 3689 2300 3765; x_wconf 75' lang='lat' dir='ltr'>interpolatore</span> <span class='ocrx_word' id='word_1_310' title='bbox 2325 3689 2655 3748; x_wconf 72' lang='lat' dir='ltr'>commissus,</span> 
     </span>
     <span class='ocr_line' id='line_1_41' title="bbox 400 3757 2656 3829; baseline -0.001 -15"><span class='ocrx_word' id='word_1_311' title='bbox 400 3761 498 3829; x_wconf 76' lang='lat' dir='ltr'>qui</span> <span class='ocrx_word' id='word_1_312' title='bbox 520 3761 652 3815; x_wconf 77' lang='lat' dir='ltr'>haec</span> <span class='ocrx_word' id='word_1_313' title='bbox 679 3760 866 3813; x_wconf 84' lang='lat' dir='ltr'>omnia</span> <span class='ocrx_word' id='word_1_314' title='bbox 902 3761 967 3813; x_wconf 82' lang='lat' dir='ltr'>de</span> <span class='ocrx_word' id='word_1_315' title='bbox 995 3759 1220 3813; x_wconf 78' lang='lat' dir='ltr'>Corbeia</span> <span class='ocrx_word' id='word_1_316' title='bbox 1255 3759 1538 3813; x_wconf 80' lang='lat' dir='ltr'>addidisse</span> <span class='ocrx_word' id='word_1_317' title='bbox 1565 3759 1794 3825; x_wconf 79' lang='lat' dir='ltr'>videtur,</span> <span class='ocrx_word' id='word_1_318' title='bbox 1822 3775 1945 3813; x_wconf 82' lang='lat' dir='ltr'>cum</span> <span class='ocrx_word' id='word_1_319' title='bbox 1971 3759 2323 3824; x_wconf 77' lang='lat' dir='ltr'>Adelboldus,</span> <span class='ocrx_word' id='word_1_320' title='bbox 2390 3758 2454 3810; x_wconf 83' lang='lat' dir='ltr'>ui</span> <span class='ocrx_word' id='word_1_321' title='bbox 2483 3757 2656 3812; x_wconf 73' lang='lat' dir='ltr'>Thiet-</span> 
     </span>
     <span class='ocr_line' id='line_1_42' title="bbox 401 3825 2655 3904; baseline -0.002 -22"><span class='ocrx_word' id='word_1_322' title='bbox 401 3846 616 3884; x_wconf 82' lang='lat' dir='ltr'>marum</span> <span class='ocrx_word' id='word_1_323' title='bbox 643 3829 902 3898; x_wconf 77' lang='lat' dir='ltr'>sequitur,</span> <span class='ocrx_word' id='word_1_324' title='bbox 932 3828 1192 3882; x_wconf 80' lang='lat' dir='ltr'>Gruonae</span> <span class='ocrx_word' id='word_1_325' title='bbox 1216 3829 1460 3896; x_wconf 75' lang='lat' dir='ltr'>reyinam</span> <span class='ocrx_word' id='word_1_326' title='bbox 1487 3826 1753 3880; x_wconf 82' lang='lat' dir='ltr'>Heinrico</span> <span class='ocrx_word' id='word_1_327' title='bbox 1778 3828 2078 3882; x_wconf 76' lang='lat' dir='ltr'>occurrisse</span> <span class='ocrx_word' id='word_1_328' title='bbox 2104 3829 2266 3882; x_wconf 84' lang='lat' dir='ltr'>dicat.</span> <span class='ocrx_word' id='word_1_329' title='bbox 2415 3825 2655 3904; x_wconf 55' lang='lat' dir='ltr'><em>AlTZ);</em></span> 
     </span>
     <span class='ocr_line' id='line_1_43' title="bbox 399 3895 2657 3977; baseline -0.002 -25"><span class='ocrx_word' id='word_1_330' title='bbox 399 3915 529 3953; x_wconf 81' lang='lat' dir='ltr'>nam</span> <span class='ocrx_word' id='word_1_331' title='bbox 560 3899 902 3977; x_wconf 67' lang='lat' dir='ltr'>Thietmqrus</span> <span class='ocrx_word' id='word_1_332' title='bbox 929 3897 1102 3951; x_wconf 76' lang='lat' dir='ltr'>abbas</span> <span class='ocrx_word' id='word_1_333' title='bbox 1129 3913 1274 3950; x_wconf 74' lang='lat' dir='ltr'>anno</span> <span class='ocrx_word' id='word_1_334' title='bbox 1301 3898 1429 3950; x_wconf 90' lang='grc'>1001</span> <span class='ocrx_word' id='word_1_335' title='bbox 1459 3896 1629 3949; x_wconf 82' lang='lat' dir='ltr'>Mart.</span> <span class='ocrx_word' id='word_1_336' title='bbox 1652 3897 1716 3949; x_wconf 78' lang='lat'>12</span> <span class='ocrx_word' id='word_1_337' title='bbox 1744 3897 1885 3950; x_wconf 83' lang='lat' dir='ltr'>diem</span> <span class='ocrx_word' id='word_1_338' title='bbox 1912 3912 2222 3962; x_wconf 78' lang='lat' dir='ltr'>supremum</span> <span class='ocrx_word' id='word_1_339' title='bbox 2248 3897 2361 3950; x_wconf 83' lang='lat' dir='ltr'>iam</span> <span class='ocrx_word' id='word_1_340' title='bbox 2386 3896 2535 3950; x_wconf 66' lang='lat' dir='ltr'>obiit.</span> <span class='ocrx_word' id='word_1_341' title='bbox 2592 3895 2657 3949; x_wconf 94' lang='lat' dir='ltr'>V.</span> 
     </span>
     <span class='ocr_line' id='line_1_44' title="bbox 400 3965 2662 4115; baseline -0.003 -25"><span class='ocrx_word' id='word_1_342' title='bbox 400 3966 1130 4115; x_wconf 50' lang='lat' dir='ltr'>2⁷⁸302⁶J235²²Z²5129355·Z²{’</span> <span class='ocrx_word' id='word_1_343' title='bbox 1168 3969 1312 4114; x_wconf 57' lang='grc' dir='ltr'><strong><em>Α’ἐῖῗ·</em></strong></span> <span class='ocrx_word' id='word_1_344' title='bbox 1334 3965 2265 4114; x_wconf 49' lang='grc' dir='ltr'>ἕὲἵὰεῗέἕῖἔῶἐξθῗὸἐὲῧῗὸξρ.</span> <span class='ocrx_word' id='word_1_345' title='bbox 2314 3965 2662 4100; x_wconf 41' lang='lat' dir='ltr'>&amp;miriat-</span> 
     </span>
     <span class='ocr_line' id='line_1_45' title="bbox 395 4101 2659 4173; baseline -0.002 -15"><span class='ocrx_word' id='word_1_346' title='bbox 395 4111 589 4173; x_wconf 76' lang='lat' dir='ltr'>postea</span> <span class='ocrx_word' id='word_1_347' title='bbox 624 4106 910 4172; x_wconf 75' lang='lat' dir='ltr'>episeopus</span> <span class='ocrx_word' id='word_1_348' title='bbox 945 4104 1324 4172; x_wconf 70' lang='lat' dir='ltr'>Friemqe‘nsis</span> <span class='ocrx_word' id='word_1_349' title='bbox 1343 4105 1467 4168; x_wconf 75' lang='lat' dir='ltr'>fuit</span> <span class='ocrx_word' id='word_1_350' title='bbox 1502 4102 1861 4157; x_wconf 84' lang='lat'>1006—1039.</span> <span class='ocrx_word' id='word_1_351' title='bbox 1992 4102 2046 4167; x_wconf 88' lang='lat'>4)</span> <span class='ocrx_word' id='word_1_352' title='bbox 2092 4101 2488 4168; x_wconf 69' lang='lat' dir='ltr'>Biickenfc&#39;irde,</span> <span class='ocrx_word' id='word_1_353' title='bbox 2525 4102 2659 4155; x_wconf 77' lang='lat' dir='ltr'>villa</span> 
     </span>
     <span class='ocr_line' id='line_1_46' title="bbox 393 4171 2661 4303; baseline -0.001 -7"><span class='ocrx_word' id='word_1_354' title='bbox 393 4171 2361 4303; x_wconf 44' lang='lat' dir='ltr'>{15312’3&#39;5552‘2&#39;25m332&#39;23‘at&#39;ssgsszffafgazffiffffitofflgffissi‘·</span> <span class='ocrx_word' id='word_1_355' title='bbox 2404 4171 2661 4293; x_wconf 48' lang='lat' dir='ltr'>00²}ssss</span> 
     </span>
     <span class='ocr_line' id='line_1_47' title="bbox 403 4257 2660 4387; baseline -0.003 -21"><span class='ocrx_word' id='word_1_356' title='bbox 403 4313 537 4366; x_wconf 75' lang='lat' dir='ltr'>data</span> <span class='ocrx_word' id='word_1_357' title='bbox 571 4260 828 4378; x_wconf 53' lang='grc' dir='ltr'>(δεωῖιρΐ</span> <span class='ocrx_word' id='word_1_358' title='bbox 848 4312 1024 4374; x_wconf 85' lang='lat'><strong><em>1433).</em></strong></span> <span class='ocrx_word' id='word_1_359' title='bbox 1071 4257 1367 4375; x_wconf 41' lang='grc' dir='ltr'>1Ιίίόηὶὶὶ</span> <span class='ocrx_word' id='word_1_360' title='bbox 1403 4317 1586 4364; x_wconf 76' lang='lat' dir='ltr'>tamen</span> <span class='ocrx_word' id='word_1_361' title='bbox 1612 4280 1848 4364; x_wconf 59' lang='lat' dir='ltr'>‘Ja&#39;hrbss</span> <span class='ocrx_word' id='word_1_362' title='bbox 1877 4310 1927 4369; x_wconf 91' lang='lat' dir='ltr'>I,</span> <span class='ocrx_word' id='word_1_363' title='bbox 1965 4309 2066 4362; x_wconf 76' lang='lat'>227</span> <span class='ocrx_word' id='word_1_364' title='bbox 2098 4325 2153 4361; x_wconf 76' lang='lat' dir='ltr'>n.</span> <span class='ocrx_word' id='word_1_365' title='bbox 2180 4281 2237 4361; x_wconf 72' lang='grc' dir='ltr'>4.ο</span> <span class='ocrx_word' id='word_1_366' title='bbox 2334 4280 2413 4372; x_wconf 49' lang='grc'>’5)</span> <span class='ocrx_word' id='word_1_367' title='bbox 2452 4309 2660 4387; x_wconf 64' lang='grc' dir='ltr'><em>Νοιρεγ</em></span> 
     </span>
     <span class='ocr_line' id='line_1_48' title="bbox 403 4376 2661 4448; baseline -0.002 -14"><span class='ocrx_word' id='word_1_368' title='bbox 403 4381 688 4448; x_wconf 78' lang='lat' dir='ltr'>episcopus</span> <span class='ocrx_word' id='word_1_369' title='bbox 715 4381 1038 4436; x_wconf 77' lang='lat'>972-1008.</span> <span class='ocrx_word' id='word_1_370' title='bbox 1169 4379 1222 4445; x_wconf 89' lang='grc'>6)</span> <span class='ocrx_word' id='word_1_371' title='bbox 1260 4379 1543 4432; x_wconf 77' lang='lat' dir='ltr'>Erlwinus</span> <span class='ocrx_word' id='word_1_372' title='bbox 1578 4379 1863 4445; x_wconf 73' lang='lat' dir='ltr'>episcopus</span> <span class='ocrx_word' id='word_1_373' title='bbox 1897 4394 1941 4433; x_wconf 89' lang='lat' dir='ltr'>c.</span> <span class='ocrx_word' id='word_1_374' title='bbox 1969 4377 2291 4432; x_wconf 81' lang='lat'>995—1012.</span> <span class='ocrx_word' id='word_1_375' title='bbox 2406 4377 2459 4439; x_wconf 86' lang='lat'>7)</span> <span class='ocrx_word' id='word_1_376' title='bbox 2498 4376 2661 4430; x_wconf 74' lang='lat' dir='ltr'>Heri-</span> 
     </span>
     <span class='ocr_line' id='line_1_49' title="bbox 400 4447 1478 4516; baseline -0.003 -12"><span class='ocrx_word' id='word_1_377' title='bbox 400 4453 623 4504; x_wconf 78' lang='lat' dir='ltr'>bertum.</span> <span class='ocrx_word' id='word_1_378' title='bbox 761 4449 815 4513; x_wconf 89' lang='lat'>8)</span> <span class='ocrx_word' id='word_1_379' title='bbox 853 4449 1005 4514; x_wconf 81' lang='lat' dir='ltr'>Conf.</span> <span class='ocrx_word' id='word_1_380' title='bbox 1041 4464 1215 4516; x_wconf 76' lang='lat' dir='ltr'>supra</span> <span class='ocrx_word' id='word_1_381' title='bbox 1250 4450 1287 4500; x_wconf 92' lang='grc' dir='ltr'><em>Ι</em></span> <span class='ocrx_word' id='word_1_382' title='bbox 1297 4447 1358 4512; x_wconf 88' lang='lat' dir='ltr'>V,</span> <span class='ocrx_word' id='word_1_383' title='bbox 1394 4449 1478 4502; x_wconf 80' lang='lat'>50.</span> 
     </span>
    </p>
   </div>
  </div>
 </body>
</html>
