<?xml version="1.0" encoding="UTF-8"?>
<!DOCTYPE html PUBLIC "-//W3C//DTD XHTML 1.0 Transitional//EN"
    "http://www.w3.org/TR/xhtml1/DTD/xhtml1-transitional.dtd">
<html xmlns="http://www.w3.org/1999/xhtml" xml:lang="en" lang="en">
 <head>
  <title>
</title>
<meta http-equiv="Content-Type" content="text/html;charset=utf-8" />
  <meta name='ocr-system' content='tesseract 3.04.00' />
  <meta name='ocr-capabilities' content='ocr_page ocr_carea ocr_par ocr_line ocrx_word'/>
</head>
<body>
  <div class='ocr_page' id='page_1' title='image "./thietmarimerseb00lappgoog_0021.png"; bbox 0 0 3100 5050; ppageno 0'>
   <div class='ocr_carea' id='block_1_1' title="bbox 137 1261 340 1310">
    <p class='ocr_par' dir='ltr' id='par_1_1' title="bbox 137 1261 340 1310">
     <span class='ocr_line' id='line_1_1' title="bbox 137 1261 340 1310; baseline -0.015 -7"><span class='ocrx_word' id='word_1_1' title='bbox 137 1261 340 1310; x_wconf 75' lang='grc' dir='ltr'><strong>*ρ.733.</strong></span> 
     </span>
    </p>
   </div>
   <div class='ocr_carea' id='block_1_2' title="bbox 143 1447 348 1487">
    <p class='ocr_par' dir='ltr' id='par_1_2' title="bbox 143 1447 348 1487">
     <span class='ocr_line' id='line_1_2' title="bbox 143 1447 348 1487; baseline 0.005 -1"><span class='ocrx_word' id='word_1_2' title='bbox 143 1447 164 1470; x_wconf 82' lang='lat'><strong>¹⁸¹</strong></span> <span class='ocrx_word' id='word_1_3' title='bbox 193 1447 348 1487; x_wconf 72' lang='lat' dir='ltr'><strong>eod-8.</strong></span> 
     </span>
    </p>
   </div>
   <div class='ocr_carea' id='block_1_3' title="bbox 131 2988 346 3042">
    <p class='ocr_par' dir='ltr' id='par_1_3' title="bbox 131 2988 346 3042">
     <span class='ocr_line' id='line_1_3' title="bbox 131 2988 346 3042; baseline -0.005 -11"><span class='ocrx_word' id='word_1_4' title='bbox 131 2988 346 3042; x_wconf 64' lang='lat' dir='ltr'><strong>‘&#39;P-⁷³4·</strong></span> 
     </span>
    </p>
   </div>
   <div class='ocr_carea' id='block_1_4' title="bbox 1120 1234 1859 1306">
    <p class='ocr_par' dir='ltr' id='par_1_4' title="bbox 1120 1234 1859 1306">
     <span class='ocr_line' id='line_1_4' title="bbox 1120 1234 1859 1306; baseline 0.007 -5"><span class='ocrx_word' id='word_1_5' title='bbox 1120 1234 1859 1306; x_wconf 76' lang='lat' dir='ltr'><strong>PROLOGUS.⁸·*</strong></span> 
     </span>
    </p>
   </div>
   <div class='ocr_carea' id='block_1_5' title="bbox 369 1377 2619 3846">
    <p class='ocr_par' dir='ltr' id='par_1_5' title="bbox 510 1377 1991 1491">
     <span class='ocr_line' id='line_1_5' title="bbox 510 1377 1991 1491; baseline 0 -1"><span class='ocrx_word' id='word_1_6' title='bbox 510 1377 987 1491; x_wconf 77' lang='lat' dir='ltr'><strong>*Coniunctum</strong></span> <span class='ocrx_word' id='word_1_7' title='bbox 1033 1424 1205 1491; x_wconf 89' lang='lat' dir='ltr'><strong>dulci</strong></span> <span class='ocrx_word' id='word_1_8' title='bbox 1250 1425 1523 1490; x_wconf 76' lang='lat' dir='ltr'><strong>fraterni</strong></span> <span class='ocrx_word' id='word_1_9' title='bbox 1570 1425 1730 1490; x_wconf 91' lang='lat' dir='ltr'><strong>iuris</strong></span> <span class='ocrx_word' id='word_1_10' title='bbox 1775 1445 1991 1490; x_wconf 91' lang='lat' dir='ltr'><strong>amore</strong></span> 
     </span>
    </p>

    <p class='ocr_par' dir='ltr' id='par_1_6' title="bbox 544 1511 2287 1595">
     <span class='ocr_line' id='line_1_6' title="bbox 544 1511 2287 1595; baseline -0.001 -18"><span class='ocrx_word' id='word_1_11' title='bbox 544 1513 629 1577; x_wconf 88' lang='lat' dir='ltr'><strong>Et</strong></span> <span class='ocrx_word' id='word_1_12' title='bbox 671 1512 828 1576; x_wconf 91' lang='lat' dir='ltr'><strong>mihi</strong></span> <span class='ocrx_word' id='word_1_13' title='bbox 873 1511 1179 1576; x_wconf 83' lang='lat' dir='ltr'><strong>dilectum</strong></span> <span class='ocrx_word' id='word_1_14' title='bbox 1223 1511 1492 1595; x_wconf 84' lang='lat' dir='ltr'><strong>supplex</strong></span> <span class='ocrx_word' id='word_1_15' title='bbox 1534 1531 1692 1594; x_wconf 87' lang='lat' dir='ltr'><strong>rogo</strong></span> <span class='ocrx_word' id='word_1_16' title='bbox 1736 1517 1801 1574; x_wconf 92' lang='lat' dir='ltr'><strong>te</strong></span> <span class='ocrx_word' id='word_1_17' title='bbox 1848 1511 2238 1594; x_wconf 87' lang='lat' dir='ltr'><strong>Sigefridum</strong></span> <span class='ocrx_word' id='word_1_18' title='bbox 2265 1511 2287 1555; x_wconf 89' lang='lat'><strong>¹</strong></span> 
     </span>
    </p>

    <p class='ocr_par' dir='ltr' id='par_1_7' title="bbox 543 1596 2480 1680">
     <span class='ocr_line' id='line_1_7' title="bbox 543 1596 2480 1680; baseline -0.001 -18"><span class='ocrx_word' id='word_1_19' title='bbox 543 1597 726 1663; x_wconf 92' lang='lat' dir='ltr'><strong>Nunc</strong></span> <span class='ocrx_word' id='word_1_20' title='bbox 772 1617 888 1680; x_wconf 85' lang='lat' dir='ltr'><strong>ego</strong></span> <span class='ocrx_word' id='word_1_21' title='bbox 929 1597 1405 1675; x_wconf 73' lang='lat' dir='ltr'><strong>Thietmarusb,</strong></span> <span class='ocrx_word' id='word_1_22' title='bbox 1452 1596 1671 1661; x_wconf 85' lang='lat' dir='ltr'><strong>videas</strong></span> <span class='ocrx_word' id='word_1_23' title='bbox 1718 1618 1861 1661; x_wconf 91' lang='lat' dir='ltr'><strong>mea</strong></span> <span class='ocrx_word' id='word_1_24' title='bbox 1895 1599 2031 1662; x_wconf 83' lang='lat' dir='ltr'><strong>scri</strong></span> <span class='ocrx_word' id='word_1_25' title='bbox 2080 1603 2149 1661; x_wconf 87' lang='lat' dir='ltr'><strong>ta</strong></span> <span class='ocrx_word' id='word_1_26' title='bbox 2192 1597 2480 1680; x_wconf 87' lang='lat' dir='ltr'><strong>benigne,</strong></span> 
     </span>
    </p>

    <p class='ocr_par' dir='ltr' id='par_1_8' title="bbox 404 1683 2460 1852">
     <span class='ocr_line' id='line_1_8' title="bbox 543 1683 2460 1768; baseline 0.001 -20"><span class='ocrx_word' id='word_1_27' title='bbox 543 1686 718 1764; x_wconf 85' lang='lat' dir='ltr'><strong>Quae</strong></span> <span class='ocrx_word' id='word_1_28' title='bbox 762 1683 1062 1768; x_wconf 79' lang='lat' dir='ltr'><strong>placeant</strong></span> <span class='ocrx_word' id='word_1_29' title='bbox 1104 1683 1350 1748; x_wconf 90' lang='lat' dir='ltr'><strong>addens</strong></span> <span class='ocrx_word' id='word_1_30' title='bbox 1396 1689 1460 1746; x_wconf 89' lang='lat' dir='ltr'><strong>et</strong></span> <span class='ocrx_word' id='word_1_31' title='bbox 1503 1704 1796 1766; x_wconf 90' lang='lat' dir='ltr'><strong>quaeque</strong></span> <span class='ocrx_word' id='word_1_32' title='bbox 1842 1705 1999 1768; x_wconf 92' lang='lat' dir='ltr'><strong>supe</strong></span> <span class='ocrx_word' id='word_1_33' title='bbox 2083 1705 2167 1748; x_wconf 89' lang='lat' dir='ltr'><strong>ua</strong></span> <span class='ocrx_word' id='word_1_34' title='bbox 2208 1683 2460 1750; x_wconf 78' lang='lat' dir='ltr'><strong>tollens·</strong></span> 
     </span>
     <span class='ocr_line' id='line_1_9' title="bbox 404 1767 2165 1852; baseline -0.001 -17"><span class='ocrx_word' id='word_1_35' title='bbox 404 1782 438 1835; x_wconf 87' lang='lat'><strong>5</strong></span> <span class='ocrx_word' id='word_1_36' title='bbox 543 1770 717 1835; x_wconf 91' lang='lat' dir='ltr'><strong>Haec</strong></span> <span class='ocrx_word' id='word_1_37' title='bbox 760 1790 893 1834; x_wconf 94' lang='lat' dir='ltr'><strong>non</strong></span> <span class='ocrx_word' id='word_1_38' title='bbox 939 1776 1174 1834; x_wconf 90' lang='lat' dir='ltr'><strong>ornatu</strong></span> <span class='ocrx_word' id='word_1_39' title='bbox 1219 1767 1559 1852; x_wconf 78' lang='lat' dir='ltr'><strong>splendent</strong></span> <span class='ocrx_word' id='word_1_40' title='bbox 1601 1768 1967 1834; x_wconf 79' lang='lat' dir='ltr'><strong>dictaminis</strong></span> <span class='ocrx_word' id='word_1_41' title='bbox 2012 1769 2165 1846; x_wconf 86' lang='lat' dir='ltr'><strong>ullo,</strong></span> 
     </span>
    </p>

    <p class='ocr_par' dir='ltr' id='par_1_9' title="bbox 537 1854 2160 1940">
     <span class='ocr_line' id='line_1_10' title="bbox 537 1854 2160 1940; baseline -0.001 -19"><span class='ocrx_word' id='word_1_42' title='bbox 537 1855 663 1921; x_wconf 88' lang='lat' dir='ltr'><strong>Sed</strong></span> <span class='ocrx_word' id='word_1_43' title='bbox 708 1863 960 1921; x_wconf 90' lang='lat' dir='ltr'><strong>tantum</strong></span> <span class='ocrx_word' id='word_1_44' title='bbox 1005 1856 1197 1940; x_wconf 90' lang='lat' dir='ltr'><strong>plano</strong></span> <span class='ocrx_word' id='word_1_45' title='bbox 1241 1861 1625 1938; x_wconf 88' lang='lat' dir='ltr'><strong>percurrunt</strong></span> <span class='ocrx_word' id='word_1_46' title='bbox 1669 1854 1890 1919; x_wconf 84' lang='lat' dir='ltr'><strong>ordine</strong></span> <span class='ocrx_word' id='word_1_47' title='bbox 1937 1877 2160 1940; x_wconf 90' lang='lat' dir='ltr'><strong>campo</strong></span> 
     </span>
    </p>

    <p class='ocr_par' dir='ltr' id='par_1_10' title="bbox 537 1941 2072 2026">
     <span class='ocr_line' id='line_1_11' title="bbox 537 1941 2072 2026; baseline 0 -20"><span class='ocrx_word' id='word_1_48' title='bbox 537 1941 859 2006; x_wconf 87' lang='lat' dir='ltr'><strong>Saxoniae</strong></span> <span class='ocrx_word' id='word_1_49' title='bbox 905 1961 1129 2024; x_wconf 83' lang='lat' dir='ltr'><strong>regum</strong></span> <span class='ocrx_word' id='word_1_50' title='bbox 1172 1942 1370 2006; x_wconf 87' lang='lat' dir='ltr'><strong>vitam</strong></span> <span class='ocrx_word' id='word_1_51' title='bbox 1413 1960 1753 2023; x_wconf 89' lang='lat' dir='ltr'><strong>moresque</strong></span> <span class='ocrx_word' id='word_1_52' title='bbox 1796 1942 2072 2026; x_wconf 90' lang='lat' dir='ltr'><strong>piorum,</strong></span> 
     </span>
    </p>

    <p class='ocr_par' dir='ltr' id='par_1_11' title="bbox 541 2026 2329 2111">
     <span class='ocr_line' id='line_1_12' title="bbox 541 2026 2329 2111; baseline 0.001 -20"><span class='ocrx_word' id='word_1_53' title='bbox 541 2029 828 2105; x_wconf 85' lang='lat' dir='ltr'><strong>Quorum</strong></span> <span class='ocrx_word' id='word_1_54' title='bbox 870 2026 1273 2111; x_wconf 88' lang='lat' dir='ltr'><strong>temporibus</strong></span> <span class='ocrx_word' id='word_1_55' title='bbox 1315 2047 1583 2110; x_wconf 83' lang='lat' dir='ltr'><strong>regnum</strong></span> <span class='ocrx_word' id='word_1_56' title='bbox 1628 2027 1802 2092; x_wconf 85' lang='lat' dir='ltr'><strong>velut</strong></span> <span class='ocrx_word' id='word_1_57' title='bbox 1845 2027 2053 2092; x_wconf 86' lang='lat' dir='ltr'><strong>ardua</strong></span> <span class='ocrx_word' id='word_1_58' title='bbox 2097 2028 2329 2093; x_wconf 84' lang='lat' dir='ltr'><strong>cedrus</strong></span> 
     </span>
    </p>

    <p class='ocr_par' dir='ltr' id='par_1_12' title="bbox 544 2112 2106 2196">
     <span class='ocr_line' id='line_1_13' title="bbox 544 2112 2106 2196; baseline 0.001 -20"><span class='ocrx_word' id='word_1_59' title='bbox 544 2114 796 2177; x_wconf 89' lang='lat' dir='ltr'><strong>Enituit</strong></span> <span class='ocrx_word' id='word_1_60' title='bbox 838 2120 1128 2178; x_wconf 87' lang='lat' dir='ltr'><strong>nostrum</strong></span> <span class='ocrx_word' id='word_1_61' title='bbox 1176 2113 1368 2194; x_wconf 86' lang='lat' dir='ltr'><strong>longe</strong></span> <span class='ocrx_word' id='word_1_62' title='bbox 1410 2112 1669 2196; x_wconf 86' lang='lat' dir='ltr'><strong>lateque</strong></span> <span class='ocrx_word' id='word_1_63' title='bbox 1713 2113 2106 2191; x_wconf 84' lang='lat' dir='ltr'><strong>timendum3</strong></span> 
     </span>
    </p>

    <p class='ocr_par' dir='ltr' id='par_1_13' title="bbox 376 2198 2353 2368">
     <span class='ocr_line' id='line_1_14' title="bbox 376 2198 2353 2283; baseline 0.001 -21"><span class='ocrx_word' id='word_1_64' title='bbox 376 2210 442 2264; x_wconf 86' lang='lat'><strong>10</strong></span> <span class='ocrx_word' id='word_1_65' title='bbox 547 2199 786 2263; x_wconf 90' lang='lat' dir='ltr'><strong>Dicunt</strong></span> <span class='ocrx_word' id='word_1_66' title='bbox 827 2199 1136 2264; x_wconf 89' lang='lat' dir='ltr'><strong>ecclesiae</strong></span> <span class='ocrx_word' id='word_1_67' title='bbox 1181 2204 1577 2264; x_wconf 82' lang='lat' dir='ltr'><strong>structuram</strong></span> <span class='ocrx_word' id='word_1_68' title='bbox 1622 2198 2029 2283; x_wconf 81' lang='lat' dir='ltr'><strong>dampnaque</strong></span> <span class='ocrx_word' id='word_1_69' title='bbox 2073 2206 2353 2279; x_wconf 88' lang='lat' dir='ltr'><strong>nostrae,</strong></span> 
     </span>
     <span class='ocr_line' id='line_1_15' title="bbox 543 2283 2162 2368; baseline 0.001 -20"><span class='ocrx_word' id='word_1_70' title='bbox 543 2283 702 2350; x_wconf 89' lang='lat' dir='ltr'><strong>Eius</strong></span> <span class='ocrx_word' id='word_1_71' title='bbox 744 2283 1077 2364; x_wconf 88' lang='lat' dir='ltr'><strong>laetificos,</strong></span> <span class='ocrx_word' id='word_1_72' title='bbox 1125 2286 1196 2349; x_wconf 71' lang='lat' dir='ltr'><strong>in·</strong></span> <span class='ocrx_word' id='word_1_73' title='bbox 1237 2285 1380 2368; x_wconf 90' lang='lat' dir='ltr'><strong>quis</strong></span> <span class='ocrx_word' id='word_1_74' title='bbox 1424 2291 1787 2368; x_wconf 86' lang='lat' dir='ltr'><strong>reparatur,</strong></span> <span class='ocrx_word' id='word_1_75' title='bbox 1834 2292 1899 2350; x_wconf 89' lang='lat' dir='ltr'><strong>et</strong></span> <span class='ocrx_word' id='word_1_76' title='bbox 1941 2307 2162 2364; x_wconf 78' lang='lat' dir='ltr'><strong>annoS,</strong></span> 
     </span>
    </p>

    <p class='ocr_par' dir='ltr' id='par_1_14' title="bbox 543 2370 2272 2629">
     <span class='ocr_line' id='line_1_16' title="bbox 543 2370 2067 2454; baseline 0.001 -20"><span class='ocrx_word' id='word_1_77' title='bbox 543 2371 628 2434; x_wconf 88' lang='lat' dir='ltr'><strong>At</strong></span> <span class='ocrx_word' id='word_1_78' title='bbox 669 2371 1028 2454; x_wconf 85' lang='lat' dir='ltr'><strong>provisores</strong></span> <span class='ocrx_word' id='word_1_79' title='bbox 1075 2370 1361 2436; x_wconf 90' lang='lat' dir='ltr'><strong>eiusdem</strong></span> <span class='ocrx_word' id='word_1_80' title='bbox 1403 2377 1541 2435; x_wconf 90' lang='lat' dir='ltr'><strong>tum</strong></span> <span class='ocrx_word' id='word_1_81' title='bbox 1589 2371 1781 2435; x_wconf 89' lang='lat' dir='ltr'><strong>simul</strong></span> <span class='ocrx_word' id='word_1_82' title='bbox 1824 2392 2067 2436; x_wconf 88' lang='lat' dir='ltr'><strong>omnes.</strong></span> 
     </span>
     <span class='ocr_line' id='line_1_17' title="bbox 544 2456 2272 2541; baseline -0.001 -20"><span class='ocrx_word' id='word_1_83' title='bbox 544 2456 689 2522; x_wconf 92' lang='lat' dir='ltr'><strong>Non</strong></span> <span class='ocrx_word' id='word_1_84' title='bbox 734 2457 1136 2523; x_wconf 89' lang='lat' dir='ltr'><strong>asscribatur</strong></span> <span class='ocrx_word' id='word_1_85' title='bbox 1178 2456 1356 2537; x_wconf 87' lang='lat' dir='ltr'><strong>mihi,</strong></span> <span class='ocrx_word' id='word_1_86' title='bbox 1404 2457 1461 2522; x_wconf 89' lang='lat' dir='ltr'><strong>si</strong></span> <span class='ocrx_word' id='word_1_87' title='bbox 1507 2457 1661 2541; x_wconf 91' lang='lat' dir='ltr'><strong>quid</strong></span> <span class='ocrx_word' id='word_1_88' title='bbox 1706 2457 1773 2521; x_wconf 95' lang='lat' dir='ltr'><strong>in</strong></span> <span class='ocrx_word' id='word_1_89' title='bbox 1816 2457 1942 2522; x_wconf 93' lang='lat' dir='ltr'><strong>hoc</strong></span> <span class='ocrx_word' id='word_1_90' title='bbox 1983 2459 2272 2523; x_wconf 87' lang='lat' dir='ltr'><strong>variatur</strong></span> 
     </span>
     <span class='ocr_line' id='line_1_18' title="bbox 545 2542 2153 2629; baseline 0.001 -21"><span class='ocrx_word' id='word_1_91' title='bbox 545 2544 736 2609; x_wconf 89' lang='lat' dir='ltr'><strong>Libro</strong></span> <span class='ocrx_word' id='word_1_92' title='bbox 779 2544 880 2609; x_wconf 86' lang='lat' dir='ltr'><strong>vel</strong></span> <span class='ocrx_word' id='word_1_93' title='bbox 923 2543 1110 2624; x_wconf 88' lang='lat' dir='ltr'><strong>desit,</strong></span> <span class='ocrx_word' id='word_1_94' title='bbox 1157 2546 1344 2609; x_wconf 87' lang='lat' dir='ltr'><strong>testis</strong></span> <span class='ocrx_word' id='word_1_95' title='bbox 1389 2564 1535 2609; x_wconf 89' lang='lat' dir='ltr'><strong>cum</strong></span> <span class='ocrx_word' id='word_1_96' title='bbox 1578 2544 1883 2629; x_wconf 83' lang='lat' dir='ltr'><strong>parvulus</strong></span> <span class='ocrx_word' id='word_1_97' title='bbox 1902 2542 1930 2589; x_wconf 84' lang='lat'>2</span> <span class='ocrx_word' id='word_1_98' title='bbox 1976 2545 2153 2611; x_wconf 88' lang='lat' dir='ltr'><strong>assit.</strong></span> 
     </span>
    </p>

    <p class='ocr_par' dir='ltr' id='par_1_15' title="bbox 373 2629 2543 3057">
     <span class='ocr_line' id='line_1_19' title="bbox 373 2629 2001 2709; baseline 0.001 -14"><span class='ocrx_word' id='word_1_99' title='bbox 373 2640 440 2695; x_wconf 86' lang='lat'><strong>15</strong></span> <span class='ocrx_word' id='word_1_100' title='bbox 544 2629 604 2693; x_wconf 92' lang='lat' dir='ltr'>N</span> <span class='ocrx_word' id='word_1_101' title='bbox 606 2650 755 2696; x_wconf 85' lang='lat' dir='ltr'><strong>evas</strong></span> <span class='ocrx_word' id='word_1_102' title='bbox 799 2631 1060 2695; x_wconf 89' lang='lat' dir='ltr'><strong>inscitia</strong></span> <span class='ocrx_word' id='word_1_103' title='bbox 1101 2635 1360 2708; x_wconf 73' lang='lat' dir='ltr'><strong>natas0,</strong></span> <span class='ocrx_word' id='word_1_104' title='bbox 1406 2630 1757 2709; x_wconf 85' lang='lat' dir='ltr'><strong>carissime,</strong></span> <span class='ocrx_word' id='word_1_105' title='bbox 1805 2637 2001 2708; x_wconf 82' lang='lat' dir='ltr'><strong>muta,</strong></span> 
     </span>
     <span class='ocr_line' id='line_1_20' title="bbox 543 2715 2543 2800; baseline 0 -19"><span class='ocrx_word' id='word_1_106' title='bbox 543 2716 844 2794; x_wconf 86' lang='lat' dir='ltr'><strong>Credens,</strong></span> <span class='ocrx_word' id='word_1_107' title='bbox 889 2716 1063 2799; x_wconf 90' lang='lat' dir='ltr'><strong>quod</strong></span> <span class='ocrx_word' id='word_1_108' title='bbox 1109 2736 1455 2799; x_wconf 87' lang='lat' dir='ltr'><strong>numquam</strong></span> <span class='ocrx_word' id='word_1_109' title='bbox 1501 2716 1809 2799; x_wconf 87' lang='lat' dir='ltr'><strong>cepissem</strong></span> <span class='ocrx_word' id='word_1_110' title='bbox 1856 2715 2134 2781; x_wconf 89' lang='lat' dir='ltr'><strong>scribere</strong></span> <span class='ocrx_word' id='word_1_111' title='bbox 2178 2717 2543 2800; x_wconf 87' lang='lat' dir='ltr'><strong>quicquam,</strong></span> 
     </span>
     <span class='ocr_line' id='line_1_21' title="bbox 543 2800 2424 2886; baseline 0.002 -21"><span class='ocrx_word' id='word_1_112' title='bbox 543 2800 626 2865; x_wconf 89' lang='lat' dir='ltr'><strong>Ni</strong></span> <span class='ocrx_word' id='word_1_113' title='bbox 671 2801 842 2886; x_wconf 91' lang='lat' dir='ltr'><strong>quod</strong></span> <span class='ocrx_word' id='word_1_114' title='bbox 887 2802 1178 2885; x_wconf 87' lang='lat' dir='ltr'><strong>prefatus</strong></span> <span class='ocrx_word' id='word_1_115' title='bbox 1224 2802 1342 2867; x_wconf 88' lang='lat' dir='ltr'><strong>tibi</strong></span> <span class='ocrx_word' id='word_1_116' title='bbox 1389 2822 1532 2867; x_wconf 90' lang='lat' dir='ltr'><strong>sum</strong></span> <span class='ocrx_word' id='word_1_117' title='bbox 1577 2800 1745 2867; x_wconf 86' lang='lat' dir='ltr'><strong>foret</strong></span> <span class='ocrx_word' id='word_1_118' title='bbox 1758 2800 1805 2865; x_wconf 85' lang='lat'><strong>3.</strong></span> <span class='ocrx_word' id='word_1_119' title='bbox 1896 2802 2066 2886; x_wconf 84' lang='lat' dir='ltr'><strong>Ergo</strong></span> <span class='ocrx_word' id='word_1_120' title='bbox 2109 2802 2424 2885; x_wconf 82' lang='lat' dir='ltr'><strong>benignus</strong></span> 
     </span>
     <span class='ocr_line' id='line_1_22' title="bbox 543 2886 2256 2973; baseline -0.001 -22"><span class='ocrx_word' id='word_1_121' title='bbox 543 2887 732 2953; x_wconf 88' lang='lat' dir='ltr'><strong>Tales</strong></span> <span class='ocrx_word' id='word_1_122' title='bbox 776 2887 974 2954; x_wconf 89' lang='lat' dir='ltr'><strong>funde</strong></span> <span class='ocrx_word' id='word_1_123' title='bbox 1018 2908 1242 2973; x_wconf 87' lang='lat' dir='ltr'><strong>preces</strong></span> <span class='ocrx_word' id='word_1_124' title='bbox 1285 2908 1535 2953; x_wconf 90' lang='lat' dir='ltr'><strong>mecum</strong></span> <span class='ocrx_word' id='word_1_125' title='bbox 1582 2886 1662 2951; x_wconf 89' lang='lat' dir='ltr'><strong>de</strong></span> <span class='ocrx_word' id='word_1_126' title='bbox 1708 2886 1901 2952; x_wconf 89' lang='lat' dir='ltr'><strong>corde</strong></span> <span class='ocrx_word' id='word_1_127' title='bbox 1945 2889 2256 2971; x_wconf 83' lang='lat' dir='ltr'><strong>gementi:</strong></span> 
     </span>
     <span class='ocr_line' id='line_1_23' title="bbox 509 2972 2355 3057; baseline 0.001 -20"><span class='ocrx_word' id='word_1_128' title='bbox 509 2972 821 3052; x_wconf 78' lang='lat' dir='ltr'><strong>*Christe‚</strong></span> <span class='ocrx_word' id='word_1_129' title='bbox 869 2974 1064 3039; x_wconf 89' lang='lat' dir='ltr'><strong>decus</strong></span> <span class='ocrx_word' id='word_1_130' title='bbox 1107 2994 1351 3057; x_wconf 85' lang='lat' dir='ltr'><strong>regum,</strong></span> <span class='ocrx_word' id='word_1_131' title='bbox 1397 2973 1770 3038; x_wconf 89' lang='lat' dir='ltr'><strong>moderator</strong></span> <span class='ocrx_word' id='word_1_132' title='bbox 1814 2981 1879 3038; x_wconf 89' lang='lat' dir='ltr'><strong>et</strong></span> <span class='ocrx_word' id='word_1_133' title='bbox 1921 2973 2355 3057; x_wconf 85' lang='lat' dir='ltr'><strong>imperiorum,</strong></span> 
     </span>
    </p>

    <p class='ocr_par' dir='ltr' id='par_1_16' title="bbox 373 3058 2218 3316">
     <span class='ocr_line' id='line_1_24' title="bbox 373 3058 2092 3143; baseline 0 -19"><span class='ocrx_word' id='word_1_134' title='bbox 373 3068 442 3124; x_wconf 81' lang='grc' dir='ltr'><strong>2ο</strong></span> <span class='ocrx_word' id='word_1_135' title='bbox 545 3059 915 3143; x_wconf 89' lang='lat' dir='ltr'><strong>Propiciare</strong></span> <span class='ocrx_word' id='word_1_136' title='bbox 959 3066 1069 3125; x_wconf 91' lang='lat' dir='ltr'><strong>tuo</strong></span> <span class='ocrx_word' id='word_1_137' title='bbox 1114 3081 1259 3125; x_wconf 88' lang='lat' dir='ltr'><strong>cum</strong></span> <span class='ocrx_word' id='word_1_138' title='bbox 1304 3060 1665 3124; x_wconf 88' lang='lat' dir='ltr'><strong>commissis</strong></span> <span class='ocrx_word' id='word_1_139' title='bbox 1710 3058 1833 3125; x_wconf 90' lang='lat' dir='ltr'><strong>sibi</strong></span> <span class='ocrx_word' id='word_1_140' title='bbox 1876 3080 2092 3143; x_wconf 86' lang='lat' dir='ltr'><strong>regno,</strong></span> 
     </span>
     <span class='ocr_line' id='line_1_25' title="bbox 544 3144 2106 3229; baseline 0.001 -19"><span class='ocrx_word' id='word_1_141' title='bbox 544 3144 632 3210; x_wconf 92' lang='lat' dir='ltr'><strong>Ut</strong></span> <span class='ocrx_word' id='word_1_142' title='bbox 672 3144 814 3225; x_wconf 88' lang='lat' dir='ltr'><strong>tibi,</strong></span> <span class='ocrx_word' id='word_1_143' title='bbox 860 3166 988 3211; x_wconf 90' lang='lat' dir='ltr'><strong>non</strong></span> <span class='ocrx_word' id='word_1_144' title='bbox 1031 3145 1238 3224; x_wconf 88' lang='lat' dir='ltr'><strong>nobis,</strong></span> <span class='ocrx_word' id='word_1_145' title='bbox 1284 3146 1575 3210; x_wconf 85' lang='lat' dir='ltr'><strong>solvatur</strong></span> <span class='ocrx_word' id='word_1_146' title='bbox 1619 3145 1827 3229; x_wconf 83' lang='lat' dir='ltr'><strong>gloria</strong></span> <span class='ocrx_word' id='word_1_147' title='bbox 1871 3145 2106 3225; x_wconf 90' lang='lat' dir='ltr'><strong>laudis,</strong></span> 
     </span>
     <span class='ocr_line' id='line_1_26' title="bbox 543 3230 2218 3316; baseline 0.002 -21"><span class='ocrx_word' id='word_1_148' title='bbox 543 3230 629 3296; x_wconf 91' lang='lat' dir='ltr'><strong>Et</strong></span> <span class='ocrx_word' id='word_1_149' title='bbox 672 3251 800 3296; x_wconf 90' lang='lat' dir='ltr'><strong>non</strong></span> <span class='ocrx_word' id='word_1_150' title='bbox 845 3231 1131 3297; x_wconf 87' lang='lat' dir='ltr'><strong>externis</strong></span> <span class='ocrx_word' id='word_1_151' title='bbox 1175 3238 1328 3297; x_wconf 90' lang='lat' dir='ltr'><strong>tuus</strong></span> <span class='ocrx_word' id='word_1_152' title='bbox 1373 3252 1677 3316; x_wconf 92' lang='lat' dir='ltr'><strong>umquam</strong></span> <span class='ocrx_word' id='word_1_153' title='bbox 1724 3231 1974 3297; x_wconf 85' lang='lat' dir='ltr'><strong>substet</strong></span> <span class='ocrx_word' id='word_1_154' title='bbox 2017 3231 2218 3299; x_wconf 85' lang='lat' dir='ltr'><strong>ovilis.</strong></span> 
     </span>
    </p>

    <p class='ocr_par' dir='ltr' id='par_1_17' title="bbox 628 3317 2271 3401">
     <span class='ocr_line' id='line_1_27' title="bbox 628 3317 2271 3401; baseline 0.001 -19"><span class='ocrx_word' id='word_1_155' title='bbox 628 3317 681 3382; x_wconf 93' lang='grc' dir='ltr'>Ο</span> <span class='ocrx_word' id='word_1_156' title='bbox 728 3337 841 3383; x_wconf 88' lang='lat' dir='ltr'><strong>vos</strong></span> <span class='ocrx_word' id='word_1_157' title='bbox 885 3317 1312 3398; x_wconf 88' lang='lat' dir='ltr'><strong>christicolae,</strong></span> <span class='ocrx_word' id='word_1_158' title='bbox 1359 3317 1570 3382; x_wconf 85' lang='lat' dir='ltr'><strong>cordis</strong></span> <span class='ocrx_word' id='word_1_159' title='bbox 1615 3338 1784 3382; x_wconf 89' lang='lat' dir='ltr'><strong>nunc</strong></span> <span class='ocrx_word' id='word_1_160' title='bbox 1828 3338 1982 3383; x_wconf 87' lang='lat' dir='ltr'><strong>voce</strong></span> <span class='ocrx_word' id='word_1_161' title='bbox 2026 3325 2271 3401; x_wconf 85' lang='lat' dir='ltr'><strong>rogate,</strong></span> 
     </span>
    </p>

    <p class='ocr_par' dir='ltr' id='par_1_18' title="bbox 544 3402 2028 3488">
     <span class='ocr_line' id='line_1_28' title="bbox 544 3402 2028 3488; baseline 0.001 -21"><span class='ocrx_word' id='word_1_162' title='bbox 544 3402 848 3469; x_wconf 86' lang='lat' dir='ltr'><strong>Maiestas</strong></span> <span class='ocrx_word' id='word_1_163' title='bbox 896 3404 1154 3469; x_wconf 90' lang='lat' dir='ltr'><strong>Domini</strong></span> <span class='ocrx_word' id='word_1_164' title='bbox 1200 3424 1327 3488; x_wconf 91' lang='lat' dir='ltr'><strong>quo</strong></span> <span class='ocrx_word' id='word_1_165' title='bbox 1375 3404 1676 3485; x_wconf 80' lang='lat' dir='ltr'><strong>dignetur</strong></span> <span class='ocrx_word' id='word_1_166' title='bbox 1720 3403 2028 3482; x_wconf 89' lang='lat' dir='ltr'><strong>misereri,</strong></span> 
     </span>
    </p>

    <p class='ocr_par' dir='ltr' id='par_1_19' title="bbox 369 3487 2619 3846">
     <span class='ocr_line' id='line_1_29' title="bbox 369 3487 2619 3573; baseline 0.001 -20"><span class='ocrx_word' id='word_1_167' title='bbox 369 3498 438 3553; x_wconf 80' lang='lat'><strong>25</strong></span> <span class='ocrx_word' id='word_1_168' title='bbox 544 3487 639 3554; x_wconf 92' lang='lat' dir='ltr'><strong>Ne</strong></span> <span class='ocrx_word' id='word_1_169' title='bbox 677 3489 854 3553; x_wconf 86' lang='lat' dir='ltr'><strong>mala</strong></span> <span class='ocrx_word' id='word_1_170' title='bbox 886 3511 1003 3555; x_wconf 87' lang='lat' dir='ltr'><strong>nos</strong></span> <span class='ocrx_word' id='word_1_171' title='bbox 1041 3490 1380 3573; x_wconf 85' lang='lat' dir='ltr'><strong>stringant,</strong></span> <span class='ocrx_word' id='word_1_172' title='bbox 1427 3510 1595 3573; x_wconf 90' lang='lat' dir='ltr'><strong>quae</strong></span> <span class='ocrx_word' id='word_1_173' title='bbox 1632 3489 1838 3553; x_wconf 89' lang='lat' dir='ltr'><strong>multa</strong></span> <span class='ocrx_word' id='word_1_174' title='bbox 1871 3511 2209 3570; x_wconf 90' lang='lat' dir='ltr'><strong>meremur,</strong></span> <span class='ocrx_word' id='word_1_175' title='bbox 2257 3496 2322 3555; x_wconf 95' lang='lat' dir='ltr'><strong>et</strong></span> <span class='ocrx_word' id='word_1_176' title='bbox 2358 3496 2619 3573; x_wconf 86' lang='lat' dir='ltr'><strong>angant,</strong></span> 
     </span>
     <span class='ocr_line' id='line_1_30' title="bbox 542 3574 2201 3659; baseline 0 -20"><span class='ocrx_word' id='word_1_177' title='bbox 542 3574 739 3640; x_wconf 88' lang='lat' dir='ltr'><strong>Certa</strong></span> <span class='ocrx_word' id='word_1_178' title='bbox 783 3574 1149 3641; x_wconf 88' lang='lat' dir='ltr'><strong>futurorum</strong></span> <span class='ocrx_word' id='word_1_179' title='bbox 1196 3597 1361 3659; x_wconf 89' lang='lat' dir='ltr'><strong>quae</strong></span> <span class='ocrx_word' id='word_1_180' title='bbox 1405 3596 1526 3640; x_wconf 85' lang='lat' dir='ltr'><strong>vox</strong></span> <span class='ocrx_word' id='word_1_181' title='bbox 1570 3580 1842 3641; x_wconf 84' lang='lat' dir='ltr'><strong>ventura</strong></span> <span class='ocrx_word' id='word_1_182' title='bbox 1885 3574 2201 3641; x_wconf 92' lang='lat' dir='ltr'><strong>bonorum</strong></span> 
     </span>
     <span class='ocr_line' id='line_1_31' title="bbox 529 3658 2097 3745; baseline 0 -20"><span class='ocrx_word' id='word_1_183' title='bbox 529 3658 836 3727; x_wconf 75' lang='lat' dir='ltr'><strong>&#39;Predixit</strong></span> <span class='ocrx_word' id='word_1_184' title='bbox 878 3664 1116 3727; x_wconf 88' lang='lat' dir='ltr'><strong>nostris</strong></span> <span class='ocrx_word' id='word_1_185' title='bbox 1158 3662 1225 3726; x_wconf 93' lang='lat' dir='ltr'><strong>in</strong></span> <span class='ocrx_word' id='word_1_186' title='bbox 1270 3661 1690 3745; x_wconf 85' lang='lat' dir='ltr'><strong>temporibus,</strong></span> <span class='ocrx_word' id='word_1_187' title='bbox 1738 3661 2097 3728; x_wconf 88' lang='lat' dir='ltr'><strong>manifestis</strong></span> 
     </span>
     <span class='ocr_line' id='line_1_32' title="bbox 543 3742 2391 3846; baseline 0.002 -34"><span class='ocrx_word' id='word_1_188' title='bbox 543 3742 707 3846; x_wconf 57' lang='lat' dir='ltr'><strong>lJrod</strong></span> <span class='ocrx_word' id='word_1_189' title='bbox 751 3746 960 3814; x_wconf 83' lang='lat' dir='ltr'><strong>dolor!</strong></span> <span class='ocrx_word' id='word_1_190' title='bbox 1034 3749 1101 3813; x_wconf 90' lang='lat' dir='ltr'><strong>in</strong></span> <span class='ocrx_word' id='word_1_191' title='bbox 1145 3748 1367 3812; x_wconf 88' lang='lat' dir='ltr'><strong>multis</strong></span> <span class='ocrx_word' id='word_1_192' title='bbox 1412 3747 2035 3831; x_wconf 89' lang='lat' dir='ltr'><strong>manifestandisque</strong></span> <span class='ocrx_word' id='word_1_193' title='bbox 2078 3747 2391 3831; x_wconf 87' lang='lat' dir='ltr'><strong>profect0.</strong></span> 
     </span>
    </p>
   </div>
   <div class='ocr_carea' id='block_1_6' title="bbox 487 3884 2619 4023">
    <p class='ocr_par' dir='ltr' id='par_1_20' title="bbox 487 3884 2619 4023">
     <span class='ocr_line' id='line_1_33' title="bbox 487 3884 2619 3955; baseline 0.002 -17"><span class='ocrx_word' id='word_1_194' title='bbox 487 3886 535 3951; x_wconf 86' lang='grc'><strong>*)</strong></span> <span class='ocrx_word' id='word_1_195' title='bbox 570 3884 773 3954; x_wconf 90' lang='lat' dir='ltr'><strong>Incipit</strong></span> <span class='ocrx_word' id='word_1_196' title='bbox 814 3886 1066 3955; x_wconf 84' lang='lat' dir='ltr'><strong>prologus</strong></span> <span class='ocrx_word' id='word_1_197' title='bbox 1111 3885 1432 3940; x_wconf 85' lang='lat' dir='ltr'><strong>venerabilis</strong></span> <span class='ocrx_word' id='word_1_198' title='bbox 1479 3886 1661 3941; x_wconf 88' lang='lat' dir='ltr'><strong>domni</strong></span> <span class='ocrx_word' id='word_1_199' title='bbox 1704 3884 2004 3940; x_wconf 81' lang='lat' dir='ltr'><strong>Thietmari</strong></span> <span class='ocrx_word' id='word_1_200' title='bbox 2048 3886 2279 3955; x_wconf 86' lang='lat' dir='ltr'><strong>episcopi</strong></span> <span class='ocrx_word' id='word_1_201' title='bbox 2324 3887 2619 3942; x_wconf 85' lang='lat' dir='ltr'><strong>Mersebur-</strong></span> 
     </span>
     <span class='ocr_line' id='line_1_34' title="bbox 577 3953 1438 4023; baseline 0.002 -15"><span class='ocrx_word' id='word_1_202' title='bbox 577 3955 756 4023; x_wconf 86' lang='lat' dir='ltr'><strong>gensis</strong></span> <span class='ocrx_word' id='word_1_203' title='bbox 790 3956 851 4009; x_wconf 89' lang='lat' dir='ltr'><strong>in</strong></span> <span class='ocrx_word' id='word_1_204' title='bbox 889 3954 1054 4009; x_wconf 85' lang='lat' dir='ltr'><strong>Gesta</strong></span> <span class='ocrx_word' id='word_1_205' title='bbox 1087 3953 1354 4010; x_wconf 84' lang='lat' dir='ltr'><strong>Saxonum</strong></span> <span class='ocrx_word' id='word_1_206' title='bbox 1389 3958 1438 4010; x_wconf 91' lang='grc'><strong>2.</strong></span> 
     </span>
    </p>
   </div>
   <div class='ocr_carea' id='block_1_7' title="bbox 367 4072 2620 4229">
    <p class='ocr_par' dir='ltr' id='par_1_21' title="bbox 367 4072 2620 4229">
     <span class='ocr_line' id='line_1_35' title="bbox 370 4072 2617 4126; baseline 0.001 -13"><span class='ocrx_word' id='word_1_207' title='bbox 370 4072 414 4125; x_wconf 74' lang='grc' dir='ltr'><strong>ι)</strong></span> <span class='ocrx_word' id='word_1_208' title='bbox 443 4076 646 4126; x_wconf 59' lang='lat' dir='ltr'><strong>prologus</strong></span> <span class='ocrx_word' id='word_1_209' title='bbox 679 4077 717 4113; x_wconf 74' lang='lat' dir='ltr'><strong>et</strong></span> <span class='ocrx_word' id='word_1_210' title='bbox 751 4076 920 4115; x_wconf 74' lang='lat' dir='ltr'><strong>initium</strong></span> <span class='ocrx_word' id='word_1_211' title='bbox 953 4074 1053 4114; x_wconf 75' lang='lat' dir='ltr'><strong>libri</strong></span> <span class='ocrx_word' id='word_1_212' title='bbox 1080 4075 1226 4123; x_wconf 75' lang='lat' dir='ltr'><strong>primi,</strong></span> <span class='ocrx_word' id='word_1_213' title='bbox 1262 4075 1310 4113; x_wconf 79' lang='lat' dir='ltr'><strong>in</strong></span> <span class='ocrx_word' id='word_1_214' title='bbox 1340 4077 1376 4113; x_wconf 90' lang='lat'><strong>1.</strong></span> <span class='ocrx_word' id='word_1_215' title='bbox 1415 4074 1648 4125; x_wconf 66' lang='lat' dir='ltr'><strong>deperdita,</strong></span> <span class='ocrx_word' id='word_1_216' title='bbox 1684 4076 1878 4125; x_wconf 69' lang='lat' dir='ltr'><strong>suppleta</strong></span> <span class='ocrx_word' id='word_1_217' title='bbox 1902 4078 2001 4116; x_wconf 65' lang='lat' dir='ltr'><strong>eum</strong></span> <span class='ocrx_word' id='word_1_218' title='bbox 2027 4087 2048 4114; x_wconf 78' lang='grc' dir='ltr'><strong><em>ο</em></strong></span> <span class='ocrx_word' id='word_1_219' title='bbox 2072 4076 2113 4114; x_wconf 80' lang='grc'><strong>2.</strong></span> <span class='ocrx_word' id='word_1_220' title='bbox 2229 4074 2278 4121; x_wconf 86' lang='lat' dir='ltr'><strong>b)</strong></span> <span class='ocrx_word' id='word_1_221' title='bbox 2316 4075 2548 4115; x_wconf 62' lang='lat' dir='ltr'><strong>thama-us</strong></span> <span class='ocrx_word' id='word_1_222' title='bbox 2576 4077 2617 4115; x_wconf 82' lang='lat'><strong>2.</strong></span> 
     </span>
     <span class='ocr_line' id='line_1_36' title="bbox 368 4126 2620 4177; baseline 0 -12"><span class='ocrx_word' id='word_1_223' title='bbox 368 4128 490 4170; x_wconf 67' lang='lat' dir='ltr'><strong>send</strong></span> <span class='ocrx_word' id='word_1_224' title='bbox 512 4126 590 4166; x_wconf 74' lang='lat' dir='ltr'><strong>hoe</strong></span> <span class='ocrx_word' id='word_1_225' title='bbox 614 4128 715 4166; x_wconf 79' lang='lat' dir='ltr'><strong>loeo.</strong></span> <span class='ocrx_word' id='word_1_226' title='bbox 820 4128 862 4175; x_wconf 80' lang='lat' dir='ltr'><strong>c)</strong></span> <span class='ocrx_word' id='word_1_227' title='bbox 887 4127 1062 4167; x_wconf 70' lang='lat' dir='ltr'><strong>Naevos</strong></span> <span class='ocrx_word' id='word_1_228' title='bbox 1087 4126 1262 4165; x_wconf 76' lang='lat' dir='ltr'><strong>lusoitla</strong></span> <span class='ocrx_word' id='word_1_229' title='bbox 1287 4130 1412 4165; x_wconf 76' lang='lat' dir='ltr'><strong>natos</strong></span> <span class='ocrx_word' id='word_1_230' title='bbox 1439 4128 1620 4167; x_wconf 71' lang='lat' dir='ltr'><strong>correxit</strong></span> <span class='ocrx_word' id='word_1_231' title='bbox 1646 4127 1909 4176; x_wconf 69' lang='lat' dir='ltr'><strong>Leibnitim5</strong></span> <span class='ocrx_word' id='word_1_232' title='bbox 1945 4130 1991 4167; x_wconf 73' lang='lat' dir='ltr'><strong>at</strong></span> <span class='ocrx_word' id='word_1_233' title='bbox 2018 4126 2282 4166; x_wconf 70' lang='lat' dir='ltr'><strong>Tkietmarue</strong></span> <span class='ocrx_word' id='word_1_234' title='bbox 2306 4137 2463 4177; x_wconf 64' lang='lat' dir='ltr'><strong>sempe·</strong></span> <span class='ocrx_word' id='word_1_235' title='bbox 2487 4128 2620 4167; x_wconf 67' lang='lat' dir='ltr'><strong>utitur</strong></span> 
     </span>
     <span class='ocr_line' id='line_1_37' title="bbox 367 4175 1808 4229; baseline 0.001 -11"><span class='ocrx_word' id='word_1_236' title='bbox 367 4175 496 4218; x_wconf 66' lang='lat' dir='ltr'><strong>verbo</strong></span> <span class='ocrx_word' id='word_1_237' title='bbox 518 4188 675 4227; x_wconf 67' lang='lat' dir='ltr'><strong>ateva,</strong></span> <span class='ocrx_word' id='word_1_238' title='bbox 699 4189 927 4229; x_wconf 72' lang='lat' dir='ltr'><strong>numquam</strong></span> <span class='ocrx_word' id='word_1_239' title='bbox 951 4187 1136 4218; x_wconf 70' lang='lat' dir='ltr'><strong>naevus.</strong></span> <span class='ocrx_word' id='word_1_240' title='bbox 1191 4178 1241 4217; x_wconf 85' lang='lat' dir='ltr'><strong>L.</strong></span> <span class='ocrx_word' id='word_1_241' title='bbox 1336 4175 1383 4227; x_wconf 80' lang='lat' dir='ltr'><strong>d)</strong></span> <span class='ocrx_word' id='word_1_242' title='bbox 1408 4179 1542 4227; x_wconf 80' lang='lat' dir='ltr'><strong>proeh</strong></span> <span class='ocrx_word' id='word_1_243' title='bbox 1569 4180 1611 4220; x_wconf 74' lang='lat'><strong>2.</strong></span> <span class='ocrx_word' id='word_1_244' title='bbox 1637 4189 1808 4227; x_wconf 70' lang='lat' dir='ltr'><strong>semper.</strong></span> 
     </span>
    </p>
   </div>
   <div class='ocr_carea' id='block_1_8' title="bbox 370 4280 2618 4489">
    <p class='ocr_par' dir='ltr' id='par_1_22' title="bbox 370 4280 2618 4489">
     <span class='ocr_line' id='line_1_38' title="bbox 371 4280 2617 4351; baseline -0.001 -14"><span class='ocrx_word' id='word_1_245' title='bbox 371 4282 424 4349; x_wconf 93' lang='lat'><strong>1)</strong></span> <span class='ocrx_word' id='word_1_246' title='bbox 463 4284 728 4338; x_wconf 77' lang='lat' dir='ltr'><strong>Abbatem</strong></span> <span class='ocrx_word' id='word_1_247' title='bbox 761 4284 1077 4337; x_wconf 69' lang='lat' dir='ltr'><strong>monasoen’i</strong></span> <span class='ocrx_word' id='word_1_248' title='bbox 1117 4280 1174 4337; x_wconf 80' lang='lat' dir='ltr'><strong>S.</strong></span> <span class='ocrx_word' id='word_1_249' title='bbox 1199 4281 1468 4336; x_wconf 73' lang='lat' dir='ltr'><strong>Iohannis</strong></span> <span class='ocrx_word' id='word_1_250' title='bbox 1504 4282 1761 4349; x_wconf 73' lang='lat' dir='ltr'><strong>Maqdeb.</strong></span> <span class='ocrx_word' id='word_1_251' title='bbox 1800 4281 2231 4349; x_wconf 75' lang='lat'><strong>(1009—1022),</strong></span> <span class='ocrx_word' id='word_1_252' title='bbox 2278 4288 2471 4350; x_wconf 73' lang='lat' dir='ltr'><strong>postea</strong></span> <span class='ocrx_word' id='word_1_253' title='bbox 2506 4283 2617 4351; x_wconf 79' lang='lat' dir='ltr'><strong>epi-</strong></span> 
     </span>
     <span class='ocr_line' id='line_1_39' title="bbox 370 4350 2618 4419; baseline -0 -13"><span class='ocrx_word' id='word_1_254' title='bbox 370 4366 592 4419; x_wconf 73' lang='lat' dir='ltr'><strong>scopam</strong></span> <span class='ocrx_word' id='word_1_255' title='bbox 641 4353 880 4407; x_wconf 72' lang='lat' dir='ltr'><strong>Monast.</strong></span> <span class='ocrx_word' id='word_1_256' title='bbox 930 4351 1088 4417; x_wconf 89' lang='grc'><strong>(1022</strong></span> <span class='ocrx_word' id='word_1_257' title='bbox 1105 4378 1168 4388; x_wconf 91' lang='grc'><strong>-</strong></span> <span class='ocrx_word' id='word_1_258' title='bbox 1185 4350 1359 4417; x_wconf 91' lang='grc'><strong>1032).</strong></span> <span class='ocrx_word' id='word_1_259' title='bbox 1509 4350 1565 4416; x_wconf 89' lang='grc'><strong>2)</strong></span> <span class='ocrx_word' id='word_1_260' title='bbox 1614 4352 1665 4404; x_wconf 92' lang='grc' dir='ltr'><strong>Ι.</strong></span> <span class='ocrx_word' id='word_1_261' title='bbox 1701 4367 1743 4405; x_wconf 88' lang='lat' dir='ltr'><strong>e.</strong></span> <span class='ocrx_word' id='word_1_262' title='bbox 1780 4352 1932 4406; x_wconf 77' lang='lat' dir='ltr'><strong>testis</strong></span> <span class='ocrx_word' id='word_1_263' title='bbox 1977 4367 2170 4417; x_wconf 65' lang='lat' dir='ltr'><strong>rarae,</strong></span> <span class='ocrx_word' id='word_1_264' title='bbox 2219 4357 2376 4407; x_wconf 73' lang='lat' dir='ltr'><strong>testes</strong></span> <span class='ocrx_word' id='word_1_265' title='bbox 2422 4353 2618 4419; x_wconf 75' lang='lat' dir='ltr'><strong>pauci,-</strong></span> 
     </span>
     <span class='ocr_line' id='line_1_40' title="bbox 372 4418 2165 4489; baseline 0.001 -15"><span class='ocrx_word' id='word_1_266' title='bbox 372 4418 440 4485; x_wconf 57' lang='grc' dir='ltr'><strong>οἱ.</strong></span> <span class='ocrx_word' id='word_1_267' title='bbox 477 4422 562 4485; x_wconf 94' lang='grc' dir='ltr'><strong>ΙΙ,</strong></span> <span class='ocrx_word' id='word_1_268' title='bbox 597 4422 681 4476; x_wconf 84' lang='lat'><strong>40.</strong></span> <span class='ocrx_word' id='word_1_269' title='bbox 753 4422 816 4475; x_wconf 92' lang='lat' dir='ltr'><strong>L.</strong></span> <span class='ocrx_word' id='word_1_270' title='bbox 955 4420 1010 4482; x_wconf 85' lang='lat'><strong>3)</strong></span> <span class='ocrx_word' id='word_1_271' title='bbox 1047 4419 1135 4475; x_wconf 84' lang='lat' dir='ltr'><strong>Se.</strong></span> <span class='ocrx_word' id='word_1_272' title='bbox 1169 4420 1359 4489; x_wconf 75' lang='lat' dir='ltr'><strong>inopia</strong></span> <span class='ocrx_word' id='word_1_273' title='bbox 1392 4418 1606 4473; x_wconf 77' lang='lat' dir='ltr'><strong>testium</strong></span> <span class='ocrx_word' id='word_1_274' title='bbox 1642 4435 1685 4474; x_wconf 86' lang='lat'><strong>8.</strong></span> <span class='ocrx_word' id='word_1_275' title='bbox 1722 4421 2024 4476; x_wconf 75' lang='lat' dir='ltr'><strong>annalium.</strong></span> <span class='ocrx_word' id='word_1_276' title='bbox 2094 4421 2165 4475; x_wconf 90' lang='lat' dir='ltr'><strong>L.</strong></span> 
     </span>
    </p>
   </div>
   <div class='ocr_carea' id='block_1_9' title="bbox 2247 4524 2278 4577">
    <p class='ocr_par' dir='ltr' id='par_1_23' title="bbox 2247 4524 2278 4577">
     <span class='ocr_line' id='line_1_41' title="bbox 2247 4524 2278 4577; baseline 0 0"><span class='ocrx_word' id='word_1_277' title='bbox 2247 4524 2278 4577; x_wconf 91' lang='lat'>1</span> 
     </span>
    </p>
   </div>
  </div>
 </body>
</html>
