3100 5050
113 1676 137 1699 *
157 1676 248 1725 soz.
268 1674 360 1714 188.

899 386 1304 443 THIETMARI
1339 386 1602 443 CHRON.
1672 387 1809 442 ΠΒ.
1844 388 1952 442 VH
1990 386 2127 455 (VI).
2540 390 2641 445 175
2676 432 2679 434 ‡

563 542 660 609 10.
732 541 806 607 V.
853 540 1020 606 feria
1073 562 1187 625 ego
1239 539 1327 607 ad
1379 539 1755 623 Merseburg
1796 540 2082 619 veniens,
2135 540 2286 605 dum
2342 562 2444 606 me
2496 562 2637 607 cum
2676 554 2827 609 1012.

386 626 822 693 confratribus
864 628 1024 692 meis
1077 626 1161 692 ad
1214 626 1558 691 adventum
1610 627 1747 691 eius
1798 647 2235 709 prepararem,
2290 626 2507 693 audivi
2558 627 2641 693 ab
2666 646 2783 697 Aue.
2804 648 2851 687 τ.

386 713 826 792 internuntiis,
883 712 1055 796 quod
1107 713 1217 778 ille
1268 712 1351 778 ad
1395 711 1757 778 Ivicansten
1810 732 1938 777 non
1984 711 2145 777 bene
2187 711 2406 777 valens
2452 734 2642 778 curru

383 799 648 865 veniret.
719 798 1022 864 Proxima
1057 797 1161 864 die
1197 800 1320 863 huc
1355 798 1651 882 equitans
1687 797 2180 863 Bernwardum⁸
2214 798 2639 864 Hillinissem-
2668 818 2783 868 Aug.
2802 820 2847 859 s.

385 884 624 950 mensis
667 884 1016 949 aecclesiae
1061 884 1429 969 episcopum
1475 904 1677 948 causa
1726 881 2189 948 benedictionis
2244 892 2333 961 et,
2393 882 2638 972 [quam]

385 970 548 1036 bene
601 969 874 1049 sciebat,
940 971 1292 1035 curationis
1347 972 1559 1053 gratia
1611 975 1908 1035 vocatum
1960 968 2199 1034 ibidem
2265 970 2522 1053 repperi
2578 980 2643 1035 et

380 1055 818 1122 Frithericum
854 1056 1170 1133 comitem,
1209 1056 1392 1121 cuius
1435 1056 1640 1120 frater
1674 1061 1817 1121 erat
1853 1054 2021 1119 Dedi
2060 1075 2287 1125 comes,
2372 1056 2461 1120 Et
2494 1076 2641 1121 cum

384 1142 740 1219 introirem,
787 1140 1057 1207 sedebat
1101 1142 1624 1224 archiepiscopus
1677 1141 1744 1206 in
1788 1142 1949 1206 solio
1996 1146 2061 1206 et
2103 1162 2205 1205 me
2251 1140 2643 1225 suscipiebat

387 1249 580 1313 quam
601 1226 968 1307 caritative;
999 1232 1062 1293 et
1079 1227 1312 1292 suimet
1325 1228 1522 1312 pedes
1541 1233 1697 1292 tunc
1724 1248 1765 1291 a
1790 1227 2083 1292 tumoreb
2111 1227 2298 1291 solito
2317 1228 2643 1293 relaxatos

386 1316 675 1380 intuetur
735 1320 800 1377 et
863 1313 1062 1392 dolet,
1137 1314 1316 1397 quia,
1382 1312 1534 1377 dum
1588 1313 1682 1377 hii
1731 1312 2100 1395 turgebant,
2163 1319 2383 1377 venter
2440 1312 2644 1377 levius

385 1398 665 1465 habebat
711 1396 922 1486 [eius].
1020 1399 1441 1464 Intimaverat
1481 1400 1537 1463 is
1582 1405 1735 1463 tunc
1778 1397 1961 1481 mihi,
2018 1398 2075 1462 si
2118 1396 2239 1463 hoc
2285 1397 2642 1482 periculum

387 1505 584 1551 sanus
628 1483 940 1563 evaderet,
989 1484 1206 1549 nullus
1249 1485 1603 1550 amicorum
1647 1484 1805 1549 mihi
1848 1482 2098 1549 fidelior
2133 1504 2272 1549 esse
2306 1485 2642 1567 potuisset.

385 1572 508 1637 Fui
557 1576 712 1635 tunc
762 1569 1006 1635 ibidem
1057 1591 1262 1654 usque
1327 1569 1412 1636 ad
1464 1590 1797 1652 vesperam
1857 1578 1924 1635 et
1977 1578 2113 1634 tum
2166 1570 2403 1634 invitus
2454 1569 2639 1649 redii,

387 1658 543 1741 quia
599 1656 880 1721 crastino
937 1662 1080 1721 erat
1127 1655 1372 1739 vigi*lia
1426 1656 1668 1722 Christi
1724 1656 1980 1721 adletae
2037 1655 2399 1737 Laurentii,
2458 1656 2641 1721 cuius
2666 1676 2785 1725 Aug.
2806 1678 2875 1717 ιο.

387 1743 702 1808 festivitas
773 1740 1097 1807 dominica
1166 1742 1456 1807 instabat
1524 1741 1646 1809 die.
1776 1742 1917 1819 Qua
1985 1762 2126 1806 cum
2202 1760 2318 1827 ego
2388 1742 2645 1825 populis

383 1827 787 1894 venientibus
842 1849 1052 1911 pauca
1106 1827 1534 1912 predicarem,
1594 1828 2018 1892 communiter
2077 1826 2160 1891 ab
2216 1827 2317 1891 his
2374 1848 2490 1909 pro
2546 1828 2643 1892 in·-

388 1914 573 1980 firmo
617 1912 1092 1978 archiantistite
1136 1914 1489 1978 orationem
1534 1912 1676 1977 fieri
1720 1913 1986 1997 supplex
2027 1912 2369 1996 postulavi.

562 2003 664 2066 11.
736 1999 854 2064 111.
892 1999 1058 2063 feria
1101 2005 1250 2063 ante
1285 2000 1577 2082 primam,
1613 1998 1723 2064 ubi
1757 1999 1866 2064 ille
1903 1998 2133 2077 fuerat,
2169 1998 2528 2078 veniebam3
2576 2004 2642 2063 et
2668 2018 2781 2069 Aug.
2804 2020 2844 2059 9.

387 2092 541 2151 tunc
600 2085 706 2150 hic
767 2091 912 2149 erat
969 2084 1096 2149 Eid
1157 2085 1518 2169 episcopus,
1584 2086 1855 2150 multum
1914 2105 2030 2169 pro
2093 2104 2168 2149 eo
2230 2084 2299 2148 in
2356 2085 2645 2149 oratione
2669 2104 2877 2152 Aug-10·

391 2170 697 2236 continua
737 2170 1062 2239 laborans.
1149 2171 1237 2235 Et
1281 2192 1423 2235 cum
1469 2171 1877 2249 caminatam,
1924 2171 2038 2236 ubi
2080 2170 2189 2234 ille
2236 2171 2381 2252 pius
2423 2170 2642 2249 iacuit,

389 2258 716 2340 ingressus
745 2277 969 2336 essem,
1012 2277 1129 2320 nec
1153 2256 1520 2341 loquentem
1547 2256 1766 2321 audivi
1792 2277 1909 2321 nec
1931 2256 2091 2321 bene
2120 2262 2643 2339 cognoscentem⁶

394 2341 615 2431 [hunc]
669 2342 816 2410 vidi.
919 2342 1246 2407 Advenere
1300 2342 1490 2407 etiam
1547 2363 1623 2407 eo
1678 2343 1925 2406 vivente
1978 2342 2286 2406 Arnulfus
2339 2347 2403 2405 et
2456 2340 2642 2406 Hilli-

387 2428 638 2494 wardus
697 2449 841 2493 cum
905 2428 1284 2493 Meinwerco
1347 2433 1412 2493 et
1470 2427 1661 2492 Erico
1724 2427 2111 2511 coepiscopi,
2185 2447 2405 2491 omnes
2473 2426 2644 2492 hunc

386 2515 632 2601 pariter
663 2513 1112 2581 benedicentes
1149 2522 1214 2580 et
1247 2512 1717 2598 indulgentiam
1756 2514 1817 2578 ei
1850 2513 2181 2579 facientes.
2254 2512 2387 2596 Ego
2425 2519 2641 2579 autem

434 2606 690 2667 eccator
717 2601 914 2666 unxi‘¹
941 2621 1086 2666 eum
1115 2601 1251 2664 oleo
1279 2599 1683 2665 sanctificato
1704 2601 1771 2664 in
1788 2600 1946 2664 locis
1964 2601 2241 2666 maxime
2259 2598 2641 2668 dolentibus.

424 2688 704 2753 armirus
747 2707 1000 2771 quoque
1045 2684 1176 2750 dux
1220 2685 1500 2774 [adfuit],
1547 2707 1735 2770 quem
1772 2685 1978 2751 frater
2012 2686 2245 2750 suimet
2279 2684 2643 2752 Othelricus

389 2780 457 2839 et
500 2772 753 2837 satelles
795 2773 1006 2837 tocius
1051 2771 1252 2838 debiti
1295 2773 1608 2838 inmemor
1652 2773 1719 2836 in
1754 2791 1939 2836 sacro
1975 2771 2245 2836 sabbato
2282 2768 2643 2836 dominicae

392 2858 890 2922 resurreccionis
957 2855 1333 2945 [proximae]
1354 2859 1378 2902 ¹
1430 2880 1471 2923 a
1531 2877 1733 2940 regno
1797 2856 2204 2922 Boemiorum
2265 2857 2509 2938 expulit
2578 2863 2648 2922 et

393 2942 800 3022 Bolizlavum,
854 2964 1043 3026 quem
1087 2945 1210 3009 etsi
1261 2944 1537 3010 amicum
1593 2943 1716 3009 sibi
1761 2943 2312 3027 consanguinitate
2327 2939 2374 3027 ²,
2427 2949 2643 3008 tamen

391 3047 508 3112 pro
568 3028 790 3094 hoste0
848 3028 1168 3095 hactenus·
1229 3029 1454 3094 habuit
1523 3030 1593 3094 in
1658 3029 2131 3111 persecutione,
2202 3029 2359 3110 fuga
2426 3035 2646 3112 petere

391 3114 617 3197 coegit.
704 3114 826 3178 Hic
871 3115 1024 3198 quia
1066 3114 1617 3197 archiepiscopum
1662 3116 1909 3180 cunctis
1956 3113 2400 3180 laborantibus
2451 3115 2647 3180 nimis

353 3199 645 3266 -fidelem
702 3221 842 3265 esse
895 3200 1201 3281 *sciebat,
1257 3221 1520 3284 sperans
1564 3202 1703 3266 eius
1746 3201 2251 3266 incolumitatem
2315 3198 2396 3264 ad
2443 3201 2644 3284 impe-

389 3287 687 3352 trandam
740 3287 909 3370 regis
961 3288 1239 3370 gratiam
1289 3287 1815 3352 intercessionem
1882 3285 2071 3374 [eius]
2136 3285 2513 3368 quaerebat3
2578 3292 2649 3352 et

389 3393 534 3438 cum
579 3372 750 3437 hunc
792 3373 921 3436 iam
967 3371 1278 3437 defecisse
1311 3373 1576 3452 videret,
1623 3372 1957 3438 dexteraef
1990 3374 2130 3438 eius
2203 3369 2292 3460 se]
2330 3372 2644 3438 committi

391 3466 456 3524 et
477 3479 593 3540 per
611 3479 754 3522 eam
778 3456 982 3536 nobie,
1010 3457 1296 3523 lacrimis
1322 3459 1615 3542 postulat
1638 3458 1940 3543 profusiS.
2014 3457 2141 3524 Sed
2197 3456 2639 3544 archipresul]‚

390 3565 533 3610 cum
585 3545 716 3608 iam
769 3541 915 3606 finis
969 3542 1248 3622 adesset,
1303 3545 1517 3610 nescio
1562 3546 1718 3628 quid
1762 3543 1983 3609 videns
2027 3542 2112 3608 ad
2161 3545 2396 3622 levam,
2456 3545 2644 3628 signo

390 3637 654 3695 sanctae
697 3629 908 3693 crucis
951 3635 1252 3710 potenter
1297 3629 1563 3696 dextera
1611 3651 1679 3696 se
1723 3631 1931 3695 munit
1975 3637 2041 3695 et
2082 3651 2341 3695 aversus
2377 3649 2645 3714 corpore

386 3721 454 3865 ft
494 3715 678 3779 vultu
736 3714 1065 3780 contraxit
1117 3715 1349 3780 faciem
1403 3717 1593 3799 quasi
1648 3717 2021 3801 ploraturus
2080 3722 2144 3781 et
2192 3736 2344 3780 mox
2393 3715 2650 3780 remisit

411 3807 615 3866 aetus·
661 3846 668 3852 -
1010 3831 1020 3839 ν

561 3887 658 3952 12.
740 3883 916 3950 ‘Hoc
971 3905 1085 3969 ego
1138 3885 1360 3952 videns
1429 3886 1510 3952 o'b
1578 3888 1919 3953 tristiciam
1982 3907 2277 3969 egressus
2340 3907 2509 3964 sum,
2582 3892 2650 3951 et

332 3962 344 3975 ’
387 3972 645 4037 interim
691 3977 1020 4055 presentes
1078 3972 1348 4037 eundem
1389 3971 1676 4038 videntes
1729 3975 1860 4038 iam
1911 3973 2347 4038 semianimem
2396 3994 2437 4038 a
2478 3971 2651 4036 lecto

388 4057 682 4140 protinus
750 4057 1160 4123 elevaverunt
1226 4079 1305 4122 ac
1372 4064 1594 4141 tapeto
1666 4066 2225 4143 superposuerunt.
2340 4058 2650 4123 Accensis

389 4189 434 4243 a)
460 4202 489 4231 n
515 4201 677 4234 emtum
703 4197 742 4234 1.
863 4193 912 4241 b)
939 4197 1152 4236 attumore
1178 4196 1233 4235 B.
1355 4193 1397 4245 c)
1423 4198 1734 4244 cognocentem
1760 4197 1805 4235 1.
1926 4194 1971 4247 d)
1996 4195 2114 4236 hune
2141 4197 2182 4236 sl
2208 4197 2265 4236 Β.
2384 4194 2429 4246 e)
2455 4197 2550 4236 oste
2576 4205 2649 4234 ae·

388 4245 518 4283 tenus
543 4245 598 4295 B,
630 4246 659 4285 h
683 4247 890 4295 utrimque
915 4245 1019 4287 aad.
1041 4248 1091 4287 Τ.
1195 4245 1232 4298 f)
1257 4245 1407 4306 dextre
1433 4248 1486 4298 B,
1515 4256 1539 4287 e
1566 4245 1669 4286 add.
1697 4247 1744 4287 Τ.

390 4343 444 4410 1)
481 4346 644 4402 Anno
677 4349 848 4416 §qim
882 4351 1032 4406 1012.
1163 4351 1217 4416 2)
1255 4351 1536 4406 Boleslavi
1568 4357 1741 4406 mater
1765 4351 2048 4405 Dobrawa
2082 4366 2239 4406 soror
2250 4350 2444 4418 fuerat
2479 4351 2644 4406 Bole—

390 4413 534 4468 8lavi
554 4416 641 4470 ΙΙ.
675 4417 970 4473 Bohemiae
1005 4420 1180 4486 ducis,
1216 4421 1376 4476 cuius
1410 4420 1563 4487 filius
1597 4421 1637 4474 Ι
1634 4420 1903 4475 aremirus
1924 4419 2059 4487 fuit.
