3100 5050
1035 406 1442 463 THIETMARI
1477 406 1740 464 CHRON.
1808 409 1948 465 LIB.
1985 410 2079 465 vl.
2574 412 2675 467 167

427 578 542 642 per
607 559 888 642 regalem
970 560 1314 625 nuncium·
1390 561 1823 627 introducitur
1906 583 1985 628 ac
2054 561 2449 629 debitoribus
2519 563 2674 643 suis,
2711 576 2865 631 1010.

427 643 732 729 quicquid
777 646 844 710 in
891 666 1037 711 eum
1080 646 1510 731 deliquerant,
1577 647 1843 713 dextera
1886 648 2009 713 hoc
2052 647 2415 715 affirmante
2472 648 2557 713 ab
2599 669 2677 729 eo

428 731 798 799 remittitur.
1048 795 1053 801 .
2622 733 2627 740 ’

596 817 698 884 56.
771 816 908 881 Rex
949 822 1166 882 autem
1207 817 1276 882 in
1315 815 1438 881 hac
1482 823 1690 883 estate
1732 824 1795 883 et
1836 820 2132 901 proxima
2171 819 2377 884 hieme
2412 819 2682 885 consilio-

429 908 493 967 et
533 902 807 967 virtuteb
849 900 1207 986 pacificatis
1262 902 1554 968 hostibus
1614 904 2065 969 contumeliam
2118 911 2185 971 et
2232 904 2583 987 dampnum
2636 926 2677 971 a

429 987 750 1054 Bolizlavo
805 988 929 1053 sibi
981 988 1238 1053 illatum
1291 988 1520 1053 crebra
1572 989 1987 1055 meditatione
2039 990 2339 1057 revolvit⁰
2400 996 2468 1055 et
2529 997 2677 1074 post

426 1073 669 1158 pascha
715 1073 1191 1157 expedicionem
1237 1094 1418 1139 suam
1463 1076 1710 1140 atrocid
1751 1076 2069 1141 iussione⁰
2112 1076 2347 1141 indixit
2366 1076 2407 1144 ¹.
2713 1083 2865 1138 1011.

137 1173 164 1197 *
183 1176 271 1225 soz.
293 1175 397 1216 ιη’.
597 1157 759 1246 (38.)
846 1158 948 1223 Fit
1003 1166 1346 1227 conventus
1403 1160 1470 1224 in
1525 1160 1847 1243 Belegori‚
1914 1162 2087 1245 quod
2139 1161 2405 1246 pulcher
2460 1161 2680 1227 *mons
2714 1166 2919 1236 (1010).

428 1242 737 1322 dioitur2‚
799 1244 868 1309 in
923 1244 1196 1311 Geronis
1247 1245 1472 1329 predio
1527 1247 1937 1315 marchionis.
2040 1247 2219 1313 Tunc
2268 1246 2681 1313 Bernhardns

426 1330 558 1395 dux
601 1336 666 1395 et
706 1329 1119 1396 waltherdus
1162 1334 1528 1414 prepositus
1573 1333 1785 1415 gratia
1826 1332 2215 1398 Bolizlavum
2270 1332 2681 1398 convertendi

425 1422 872 1500 precesserunt
914 1437 992 1481 ac
1025 1417 1119 1483 nil
1153 1416 1264 1493 ibi,
1303 1416 1474 1500 quod
1509 1418 1634 1483 sibi
1666 1418 1967 1502 placeret,
2006 1420 2399 1485 invenientes
2441 1420 2681 1484 reversi

427 1509 596 1567 sunt.
685 1501 878 1567 Venit
941 1503 1140 1568 etiam
1200 1502 1327 1567 huc
1385 1502 1723 1569 Iarimirus
1780 1504 2184 1570 Boemiorum
2240 1504 2370 1570 dux
2420 1504 2681 1570 inclitus

425 1593 494 1653 et
551 1588 689 1670 regi
750 1588 894 1669 perf
951 1590 1165 1654 omnia
1224 1587 1451 1653 fidelis,
1580 1588 1713 1653 Nec
1770 1591 2082 1674 preterire
2141 1610 2401 1674 possum
2418 1639 2433 1669 ,
2503 1589 2683 1674 quod

425 1672 790 1739 miserabile
833 1674 1024 1739 nimis
1068 1674 1359 1757 predicto
1405 1675 1624 1741 comiti
1666 1674 1904 1739 ibidem
1948 1675 2203 1743 accidit.
2291 1675 2428 1741 Nos
2461 1696 2681 1743 omnes

424 1796 512 1807 —
579 1780 698 1825 nec
758 1759 1038 1844 aliquem
1101 1761 1394 1843 excipere
1453 1760 1633 1825 valeo
1702 1796 1788 1809 —-
1846 1762 1979 1826 vice
2049 1763 2401 1827 amicorum
2461 1762 2683 1829 hostes

425 1845 578 1911 huic
609 1845 852 1911 fuimus
896 1848 1305 1929 exceptisque
1345 1844 1685 1910 dumtaxat
1716 1847 2055 1931 mancipiis
2098 1848 2315 1913 omnia
2346 1868 2681 1932 consump-

426 1933 626 1997 simus
654 1930 1112 2081 *etfuquaedam
1163 1932 1331 2015 igne.
1426 1930 1635 1996 Huius
1700 1933 1797 1997 rei
1848 1954 1963 1998 nec
2026 1954 2141 1998 rex
2186 1933 2358 1998 ultor
2400 1954 2514 1999 seu
2572 1933 2681 2000 de·

427 2017 642 2082 fensor
807 2019 874 2080 it.

596 2106 701 2168 57.
773 2101 930 2165 Inde
973 2100 1059 2165 ad
1093 2100 1350 2165 Luziciss
1390 2122 1645 2186 pagum,
1690 2103 1757 2167 in
1802 2104 1985 2169 cuius
2030 2104 2242 2169 fronte
2286 2104 2445 2169 urbs
2482 2124 2680 2187 quae-

429 2186 579 2251 dam
635 2186 902 2252 Iarina3
953 2192 1110 2266 stat,
1166 2208 1208 2251 a
1258 2186 1510 2252 Gerone
1564 2187 1741 2253 dicta
1798 2190 2192 2268 marchione,
2246 2190 2357 2273 qui
2410 2209 2681 2272 magnus

429 2271 557 2337 fuit
598 2283 663 2337 et
709 2274 803 2338 sic
844 2272 1399 2355 nuncupabatur4.
1488 2273 1591 2340 Ibi
1632 2281 1785 2340 tunc
1840 2276 2013 2357 capti
2065 2283 2215 2341 sunt
2264 2275 2390 2340 duo
2444 2273 2681 2339 fratres

430 2380 509 2421 ex
559 2358 888 2441 provincia
933 2358 1245 2424 Hevellun
1299 2365 1366 2425 et
1419 2380 1498 2424 ex
1549 2360 1712 2425 urbe
1764 2360 2373 2443 Brandeburgiensi‚
2430 2360 2544 2444 qui
2597 2360 2680 2431 ad

427 2443 820 2509 Bolizlavum
885 2465 1082 2511 causa
1136 2465 1280 2510 eum
1345 2450 1572 2510 contra
1632 2466 1847 2530 regem
1898 2447 2185 2511 vertendi
2249 2452 2557 2512 venerunt
2618 2452 2683 2511 et

427 2529 575 2595 inde
619 2531 893 2615 digressi
935 2532 1298 2597 inciderunt
1341 2531 1555 2616 palam
1602 2530 1923 2615 laqueum,
1970 2554 2159 2617 quem
2196 2533 2444 2598 occulte
2475 2537 2678 2598 teten-
2730 2579 2739 2591 .

428 2614 680 2683 derunt.
771 2617 879 2681 Hii
925 2615 1004 2682 de
1047 2617 1270 2684 multis
1313 2618 1734 2700 interrogatih
1778 2624 1843 2682 et
1882 2618 2047 2684 nihil
2092 2618 2173 2683 de
2221 2619 2345 2683 biis
2387 2616 2684 2684 omnibus

427 2702 712 2767 volentes
777 2702 1066 2785 profiteri
1129 2705 1197 2768 in
1263 2724 1391 2769 uno
1462 2702 1627 2768 colle
1680 2705 1925 2787 pariter
1980 2705 2358 2788 susspendio
2414 2705 2678 2788 periere.

427 2787 884 2853 Infirmabatur
927 2796 1078 2855 tunc
1122 2789 1362 2855 ibidem
1405 2809 1521 2853 rex
1567 2795 1633 2854 et
1675 2788 1801 2854 sibi
1844 2789 2117 2855 dilectus
2153 2790 2415 2874 Tagino.
2504 2787 2683 2855 Tunb

427 2874 749 2956 principes
803 2876 1102 2958 angusto¹
1161 2880 1422 2940 versant
1463 2875 1530 2939 in
1574 2881 1860 2958 pectore,
1914 2876 2075 2960 quid
2117 2874 2378 2944 deberet
2416 2873 2559 2940 fieri
2602 2874 2685 2941 de
2701 2863 2997 2964 veffifzgfg.

427 2957 686 3041 incepta
737 2960 1202 3042 expeditionek.
1292 2960 1575 3025 Tandem
1629 2959 1713 3024 ab
1768 2960 1894 3026 hiis
1945 2963 2271 3032 inventum
2323 2967 2449 3039 est,
2508 2961 2685 3043 quod

430 3065 544 3108 rex
615 3065 760 3110 cum
830 3046 1148 3130 episcopis
1219 3042 1662 3133 [quibusdam]
1721 3054 1787 3111 et
1862 3046 2199 3112 infirmiori
2271 3047 2683 3112 multitudine

428 3129 694 3208 rediret3
748 3129 1056 3196 Arnulfus
1108 3139 1325 3198 autem
1378 3137 1444 3197 et
1485 3131 1946 3197 Meinwercus⁵
1998 3134 2279 3218 episcopi
2329 3153 2476 3198 cum
2520 3132 2683 3198 duce

429 3215 727 3280 Iarimiro
781 3222 847 3281 et
897 3216 1377 3282 marchionibus
1426 3217 1675 3282 Gerone
1728 3227 1794 3283 et
1850 3218 2229 3283 Hirimanno
2282 3219 2685 3303 caeterisque

431 3302 867 3386 compluribus
903 3302 1189 3368 Cilensif‘
1223 3308 1291 3368 et
1326 3303 1586 3370 Diedesi
1612 3309 1955 3372 vastarent.
2019 3305 2251 3389 Sicque
2287 3304 2530 3371 factum
2564 3312 2682 3371 est.
2722 3349 2728 3356 ·

542 3455 598 3522 ²¹⁸)
635 3472 733 3510 nec
768 3456 906 3511 alius
942 3457 1060 3527 quis
1095 3457 1334 3514 redditor
1369 3461 1496 3516 add.
1526 3462 1577 3516 2.

429 3589 473 3642 a)
515 3593 716 3631 nocetum
742 3593 801 3642 B3
829 3593 1033 3632 nuceium
1067 3593 1115 3635 Τ.
1235 3594 1284 3645 b)
1324 3597 1452 3637 ἥατο
1476 3597 1530 3646 Β,
1555 3607 1665 3637 corr.
1686 3598 1735 3637 Τ.
1868 3596 1911 3645 c)
1952 3598 2183 3637 reuuolult
2207 3598 2261 3637 Β.
2392 3596 2437 3645 d)
2482 3597 2608 3637 atrici
2632 3599 2686 3647 B,

430 3655 536 3683 corr.
560 3644 608 3683 Τ.
731 3643 774 3694 e)
810 3643 1003 3684 iussione
1028 3648 1067 3685 1.
1172 3645 1209 3695 f)
1244 3657 1324 3696 pro
1351 3651 1392 3688 1.
1512 3649 1559 3700 g)
1591 3649 1717 3688 luzitl
1745 3651 1783 3689 1.
1897 3646 1947 3698 h)
1980 3649 2211 3698 interogati
2237 3652 2275 3690 1.
2375 3648 2411 3701 1)
2436 3651 2620 3699 augusto
2648 3651 2684 3690 1.

430 3693 480 3745 k)
507 3695 810 3745 exepeditione
840 3697 893 3735 B.

431 3818 484 3879 1)
519 3818 592 3870 In
629 3833 682 3871 a.
721 3818 852 3871 1011
889 3817 1060 3884 ἐρίων
1092 3824 1273 3873 noster
1307 3820 1450 3875 hanc
1485 3820 1880 3887 expeditionem
1912 3835 2113 3888 ponere
2146 3821 2387 3884 videtur,
2464 3837 2595 3875 uam
2630 3838 2683 3875 α.

432 3887 568 3940 1010
590 3883 776 3951 fuisse
810 3900 879 3940 ex
914 3886 1060 3940 Arm.
1099 3886 1288 3950 Quedl.
1323 3894 1374 3942 et
1409 3905 1477 3942 σω·
1509 3888 1796 3942 itinerario
1837 3890 1984 3957 reyis
2021 3895 2245 3945 constat.
2408 3838 2465 3956 ᾖ
2508 3889 2683 3960 Bialy‚

429 3951 572 4007 bielo
600 3955 731 4022 pol„
779 3951 900 4008 bele
937 3955 1100 4008 boem.
1137 3973 1207 3999 =
1239 3956 1428 4016 albu&-
1479 3972 1610 4025 gora
1638 3959 1751 4025 pol.
1786 3977 1855 4001 =
1889 3974 2059 4012 mons.
2146 3960 2381 4028 Belyern
2424 3959 2685 4026 oppidum

430 4021 490 4075 in
525 4023 753 4077 sinistra
781 4024 939 4078 Albis
972 4023 1100 4091 ripa
1133 4039 1306 4092 supra
1345 4025 1564 4093 Toryau
1598 4028 1761 4080 suum
1796 4033 1890 4082 est.
2029 4029 2082 4092 3)
2125 4025 2355 4094 aem-en,
2389 4027 2521 4082 villa
2549 4043 2683 4096 par·

428 4091 689 4146 rochialis
723 4092 780 4145 in
819 4091 1072 4147 extremis
1105 4091 1312 4158 finibus
1347 4095 1538 4148 circuli
1561 4095 1951 4150 Luceaviensis
1974 4095 2255 4164 ipsiusque
2280 4097 2687 4152 marchionatus

429 4158 710 4224 inferioris
736 4161 1022 4216 Lusatiae.
1068 4160 1227 4216 URS.
1285 4159 1368 4228 Of.
1387 4164 1550 4218 etiam
1582 4161 1815 4218 ‘Jahrbss
1844 4166 1932 4231 ΙΙ,
1960 4164 2249 4219 292—293.
2352 4166 2408 4230 4)
2438 4166 2686 4233 Maqmcs

433 4227 589 4280 audit
614 4229 776 4283 etiam
803 4231 956 4297 apud
999 4229 1394 4284 Widukindum
1423 4233 1547 4297 III,
1584 4233 1655 4286 54
1688 4237 1740 4286 et
1761 4233 1821 4286 in
1848 4233 1997 4286 Arm.
2026 4233 2307 4296 Quedlinb.
2336 4250 2388 4287 α.
2419 4233 2569 4289 1013.
2618 4233 2684 4288 L.

433 4295 488 4357 5)
523 4296 992 4353 Paderbornemis
1027 4299 1312 4367 epsicopus
1348 4302 1722 4356 1009-1036.
1872 4300 1927 4365 6)
1972 4300 2178 4356 Oilenei
2209 4301 2321 4355 sive
2356 4301 2560 4357 Silena·
2588 4300 2685 4374 (cf.

439 4361 599 4416 VIII
599 4402 610 4429 ,
656 4365 748 4428 59)
787 4382 986 4435 payns,
1033 4385 1070 4421 a
1113 4383 1219 4438 quo
1263 4367 1472 4422 Silesia.
1502 4385 1695 4424 nomen
1740 4371 1965 4437 accepit,
2008 4371 2158 4438 regio
2206 4369 2489 4425 dicebatur
2535 4371 2685 4425 circa

433 4438 662 4485 montem
690 4433 858 4488 Zlenz
883 4435 1138 4501 (Zobten)
1161 4437 1305 4492 inter
1329 4437 1523 4503 fluvios
1554 4437 1856 4504 Katebach,
1887 4438 2045 4504 Oder,
2083 4437 2307 4494 Glatzer
2332 4441 2528 4494 Neisse
2561 4441 2687 4496 sita.
