3100 5050
277 1052 418 1120 (964)

214 1146 334 1199 (Ian.
354 1146 439 1198 ει).

265 1567 434 1633 (992).

275 1912 433 1966 1002.

272 2780 382 2820 Mai.
403 2779 441 2820 ’1.

475 381 575 435 160
1077 378 1483 435 ΤΗΙΕἝΜΑΒΙ
1517 378 1781 435 CHRON.
1850 380 1985 435 LIB.
2022 380 2114 437 VI.

641 531 814 595 Avus
872 552 1078 611 meus,
1138 533 1217 597 de
1273 552 1402 616 quo
1457 530 1739 617 predixi,
1799 532 2198 612 Liutharius,
2255 539 2596 617 postquam
2651 534 2721 600 in

473 615 800 682 dominum
855 617 1092 682 suimet
1147 628 1212 683 et
1268 639 1484 701 regem
1542 617 1828 702 deliquid
1849 618 1896 696 ¹,
1955 640 2181 683 nevam
2238 619 2401 684 hanc
2458 618 2719 685 abluere

471 700 690 767 sedulo
751 703 1075 785 cogitavit.
1183 702 1365 769 Unde
1429 704 1886 768 monasterium
1946 704 2015 769 in
2073 703 2240 781 loco,
2304 702 2437 792 [qui
2500 702 2719 793 Rivus]

472 787 711 852 dicitur
754 787 1110 869 SilvaticuS,
1154 790 1222 853 in
1266 789 1508 853 honore
1551 795 1811 854 sanctae
1847 790 1967 855 Dei
2003 790 2330 872 genitricis
2365 793 2723 857 construxit

470 872 834 956 ibidemque
871 874 1250 959 Willigisum
1295 875 1525 939 statuit
1564 875 1978 958 prepositum,
2023 876 2375 941 concedens
2408 876 2721 943 fratribus

472 959 600 1024 hiis
667 960 752 1025 ad
812 962 1017 1025 victus
1077 962 1472 1045 vestitusque
1539 962 1903 1025 necessaria
1971 960 2285 1027 decimam
2341 960 2721 1029 hereditatis

472 1066 628 1111 suae
680 1052 947 1129 partem.
1048 1046 1188 1124 Quo
1248 1044 1660 1112 discedente2
1720 1067 1883 1111 uxor
1947 1068 2065 1112 sua
2118 1047 2449 1113 Mahtildis
2499 1055 2721 1113 votum

470 1131 686 1197 dilecti
730 1132 1002 1197 senioris
1048 1133 1150 1196 sui
1208 1132 1573 1197 faventibus
1625 1131 1711 1196 ad
1762 1132 1923 1197 haec
1975 1131 2225 1198 duobus
2288 1134 2521 1199 suimet
2569 1132 2719 1199 filiis

469 1215 772 1302 perficere
837 1218 1163 1283 anhelavit
1222 1219 1322 1283 *et
1370 1224 1517 1302 post
1577 1217 1820 1282 obitum
1874 1218 2173 1301 Willigisi
2225 1222 2429 1301 patris
2483 1220 2719 1303 egreii⁸

467 1302 924 1389 Reginbertum
987 1302 1066 1367 de
1134 1304 1430 1369 orientali
1499 1303 1774 1369 Francia
1843 1309 2069 1369 natum
2138 1305 2477 1369 succedere
2546 1305 2719 1371 fecit.

471 1390 594 1455 Hic
639 1389 906 1455 decurso
951 1388 1298 1456 multorum
1343 1390 1564 1473 spacio
1610 1409 1947 1467 annorum,
2001 1392 2291 1477 mortuqb
2336 1396 2491 1457 tunc
2532 1398 2718 1476 patre

471 1496 611 1541 meo
641 1482 704 1540 et
730 1483 936 1540 matre
963 1476 1102 1540 eius
1114 1473 1162 1554 3,
1201 1476 1438 1541 auxilio
1474 1475 1694 1558 patrui
1729 1476 1989 1540 meimet
2014 1474 2335 1541 Liutharii
2361 1477 2720 1560 Antiquae⁰

472 1560 791 1627 civitatis4
835 1562 1107 1625 antistes
1151 1583 1192 1627 a
1233 1563 1433 1627 tercio
1478 1561 1714 1627 Ottone
1758 1560 2021 1627 effectus
2067 1568 2165 1626 est
2178 1561 2224 1628 ⁵.

640 1649 743 1713 44.
809 1646 957 1711 Fuit
991 1652 1148 1711 tunc
1182 1648 1249 1712 in
1285 1653 1507 1713 nostra
1531 1647 1863 1712 vicinitate
1898 1646 2166 1711 clericus
2201 1646 2434 1712 nobilis
2467 1668 2719 1731 genere,

470 1732 846 1799 Thiedricus
890 1732 1166 1813 nomine,
1211 1734 1323 1818 qui
1367 1754 1565 1798 suasu
1608 1733 1845 1817 prefati
1889 1733 2141 1797 comitis
2185 1732 2444 1798 decem<1
2478 1734 2721 1799 mansis

470 1819 943 1902 preposituram
1005 1818 1172 1885 hanc
1231 1820 1650 1901 comparavit.
1763 1817 1902 1894 Quo
1964 1819 2103 1884 tot6
2162 1820 2349 1883 annis
2409 1818 2509 1884 vel
2574 1819 2721 1903 plus

471 1903 748 1983 sedente,
803 1904 1110 1969 defuncta
1151 1913 1360 1970 matre
1405 1926 1567 1981 mea,
1608 1924 1725 1987 ego
1770 1905 1957 1969 heres
2006 1906 2245 1969 tercius
2290 1904 2611 1969 successi⁷
2656 1912 2722 1971 et

468 1989 680 2072 predii
724 1990 1187 2071 medietatem⁰‚
1243 2012 1406 2075 quae
1453 1990 1789 2057 cenobium
1844 1990 2233 2073 respiciebat
2282 1990 2625 2073 prefatum,
2680 2012 2721 2056 a

473 2074 935 2141 confratribusf
993 2076 1154 2141 meis
1207 2078 1477 2160 suscepi.
1577 2076 1744 2140 Exin
1798 2082 2101 2157 patruum
2154 2096 2303 2160 sepe
2348 2075 2721 2159 alloquebar

471 2183 704 2240 meum,
759 2168 1074 2245 quatenus
1117 2162 1274 2227 mihi
1317 2163 1540 2228 liceret
1584 2182 1806 2226 curam
1850 2160 2067 2227 subire
2109 2161 2464 2245 predictam
2518 2170 2601 2241 et,
2664 2163 2720 2227 si

470 2268 600 2313 non
653 2248 966 2330 potuisset
1015 2246 1084 2311 id
1135 2246 1274 2312 fieri
1327 2247 1521 2326 donc,
1586 2248 1815 2312 saltem
1865 2245 2049 2312 fieret
2092 2246 2435 2312 *mediocri
2482 2250 2717 2331 precio.

469 2334 632 2399 Hice
657 2340 808 2418 post
831 2334 1087 2416 longam
1125 2334 1326 2398 animi
1361 2333 1715 2398 constantis
1750 2332 2318 2398 deliberationemh
2354 2332 2719 2417 posthabito

469 2421 762 2485 caritatis
807 2428 873 2484 et
916 2418 1254 2485 affinitatis
1298 2419 1514 2485 debito
1568 2440 1803 2501 magna
1843 2420 1946 2483 ex¹
1992 2425 2176 2502 parte
2220 2440 2364 2483 mea
2398 2420 2718 2502 poposcit3

469 2513 534 2572 et
578 2506 731 2590 quia
774 2506 841 2572 in
879 2504 1189 2571 fratribus
1225 2506 1383 2572 meis
1418 2504 1593 2571 nullo
1627 2505 1889 2571 fruebar
1924 2505 2355 2584 amminiculo,
2401 2502 2720 2570 desiderio

472 2591 784 2671 eiusdem,
851 2612 968 2676 pro
1023 2593 1229 2659 dolor!
1294 2594 1591 2657 consensi
1650 2613 1728 2656 ac
1779 2591 2064 2656 eiusdem
2108 2592 2483 2670 aecclesiae,
2538 2592 2721 2656 cuius

470 2685 624 2743 tunc
667 2678 762 2743 fui
804 2683 1076 2763 paterna
1118 2678 1470 2761 tradicione
1519 2675 1780 2765 [servus,
1828 2675 2207 2765 dominicae]
2254 2677 2721 2743 incarnationis

471 2761 686 2863 [anno]
731 2765 1070 2830 millesimo
1115 2765 1196 2830 II.
1227 2763 1389 2828 Non.
1420 2764 1592 2828 Maik
1637 2770 1851 2828 custos
1892 2761 2155 2828 effectus
2192 2784 2351 2840 sum,
2398 2765 2721 2829 annuente

472 2849 541 2914 1d
575 2859 979 2915 antecessore
1016 2871 1157 2916 meo
1194 2849 1276 2915 ob
1312 2856 1645 2931 acceptam
1673 2850 2235 2914 commutationem
2256 2849 2378 2915 sibi
2394 2848 2719 2933 placitam.

643 2937 746 3003 45.
799 2937 875 3000 ln
911 2935 1032 3001 hoc
1067 2935 1268 3001 offitio
1304 2934 1447 3020 plus
1474 2936 1837 3018 iniquitatis
1874 2956 2065 3019 quam
2093 2935 2347 3000 divinae
2374 2935 2721 3019 aequitatis

473 3022 724 3086 ociosus
767 3028 1064 3105 operator
1109 3022 1289 3106 exegi
1333 3028 1398 3086 et
1453 3043 1569 3106 pro
1621 3022 1743 3085 hoc
1787 3021 2012 3104 dignos
2046 3021 2436 3105 penitentiae
2472 3021 2722 3086 fructus

471 3128 821 3191 numquam
891 3129 1188 3174 exercere
1254 3106 1552 3174 conabar.
1667 3105 1812 3171 Non
1880 3106 2083 3172 ullum
2152 3106 2723 3190 consanguinitatis

471 3194 644 3259 linea
686 3193 848 3257 mihi
891 3193 1332 3258 *coniunctum
1374 3213 1627 3273 accus0,
1674 3192 1786 3258 sed
1828 3193 1999 3258 bona
2039 3214 2157 3276 pro
2202 3193 2386 3257 malis
2429 3192 2723 3257 omnibus

474 3278 578 3344 his
635 3279 952 3363 exflagito.
1062 3280 1324 3344 Mortua
1379 3299 1577 3344 uxore
1628 3278 1848 3344 fratris
1900 3279 2029 3344 mei
2095 3275 2381 3366 [rogatus
2446 3299 2589 3344 sum
2640 3275 2723 3342 ab

473 3386 578 3444 eo,
637 3362 731 3452 ut]
784 3367 1186 3450 sepulturam
1240 3362 1346 3452 [ei]
1397 3385 1743 3449 preparare
1794 3364 2138 3429 voluissem
2192 3369 2502 3447 optatam.
2598 3361 2723 3428 Sed

475 3472 621 3516 cum
681 3453 914 3518 scirem
984 3451 1367 3535 Willigisum
1435 3450 1865 3515 venerabilem
1948 3449 2039 3514 ibi
2108 3471 2247 3516 esse
2315 3449 2723 3528 tumulatum,

473 3588 519 3640 a)
556 3590 702 3638 egi-eei
723 3591 778 3629 B.
899 3589 947 3638 b)
981 3593 1151 3629 mortua
1178 3591 1218 3629 1.
1339 3587 1382 3636 c)
1419 3598 1502 3628 uae
1527 3587 1631 3628 aad.
1654 3588 1704 3627 Τ.
1834 3586 1878 3637 d)
1910 3587 2119 3626 tredecim
2147 3588 2201 3626 B.
2322 3587 2365 3638 e)
2399 3587 2650 3627 moditatem
2678 3588 2721 3628 1.

476 3643 515 3692 f)
541 3641 696 3682 aen-ib.
714 3645 753 3682 1.
849 3641 896 3692 g)
921 3642 962 3682 15
981 3644 1021 3682 1.
1125 3639 1176 3693 h)
1201 3642 1332 3690 longa
1356 3650 1396 3679 a.
1416 3650 1454 3680 c.
1484 3639 1799 3680 deliberatione
1826 3642 1866 3680 1.
1971 3639 2008 3690 1)
2030 3643 2074 3678 et
2090 3639 2155 3689 B;
2180 3648 2237 3678 ex
2256 3640 2306 3680 Τ.
2410 3639 2459 3688 k)
2494 3639 2711 3692 legendum

475 3696 558 3734 est.-
585 3695 815 3734 millesimo
840 3693 1034 3734 secundo
1057 3693 1204 3733 Nonas
1233 3693 1338 3732 Mai.

480 3796 531 3861 1)
569 3797 732 3852 Anno
769 3798 894 3860 941;
931 3795 1002 3865 cf.
1039 3812 1211 3864 supra
1244 3797 1332 3862 II,
1369 3797 1454 3850 21.
1593 3796 1646 3859 2)
1684 3796 1831 3850 Anu.
1855 3796 2051 3849 necrol.
2078 3795 2247 3851 Fam.
2284 3797 2410 3850 964:
2450 3792 2575 3847 XII.
2601 3789 2724 3846 Kal.

477 3866 634 3920 Febr.
670 3865 806 3920 obiit
841 3865 1152 3920 Liutharius
1188 3880 1376 3919 comes
1514 3864 1569 3928 3)
1605 3865 1775 3917 Pater
1812 3863 2110 3918 Thietmari
2143 3863 2447 3932 Siyifridus
2481 3868 2727 3916 mortuus

452 3942 558 3991 est
582 3936 684 3990 992
703 3936 844 3989 Mai.
866 3934 946 3997 15,
976 3936 1104 3989 avia
1128 3935 1244 3988 eius
1265 3933 1593 3988 Mahthildis
1618 3933 1799 3986 eodem
1824 3948 1970 3986 anno
1996 3932 2130 3987 Dec.
2149 3934 2207 3995 33
2242 3947 2291 3986 v.
2312 3947 2486 3999 supra
2510 3931 2616 3996 IV,
2643 3929 2724 3984 17.

472 4005 532 4067 4)
569 4003 888 4071 Aldenbury
920 4004 980 4057 in
1024 4003 1270 4071 Wayria.
1322 4003 1392 4057 L.
1465 4001 1647 4056 Hodie
1682 4000 1991 4069 Oldenbwry
2026 4002 2303 4068 oppidum.
2454 3999 2507 4066 5)
2555 3998 2724 4054 Dedi·

479 4073 686 4128 cationi
709 4072 1199 4126 Halberstadensis
1226 4072 1478 4126 ecclesiae
1503 4072 1606 4125 992
1643 4069 1757 4125 Oct.
1777 4070 1841 4124 16
1868 4070 1982 4124 iam
2009 4070 2395 4136 Reginbertum
2420 4069 2727 4136 episcopum

475 4141 792 4208 interfuisse
826 4141 973 4194 Ann.
1003 4141 1191 4205 Quedl.
1225 4139 1482 4195 tradunt.-
1519 4145 1725 4194 aestate
1758 4139 1923 4205 ἐρίων
1958 4139 2194 4192 eiusdem
2230 4139 2367 4192 anni
2395 4138 2550 4191 illum
2583 4136 2726 4190 ordi·

477 4216 670 4291 actum
705 4225 820 4291 esse
851 4225 1066 4291 neeesse
1088 4215 1191 4290 ‚⁸³5ss
1272 4205 1377 4262 Oui
1407 4209 1491 4263 rei
1519 4209 1715 4288 optime
1751 4208 2066 4261 conveniunt
2099 4223 2181 4273 ea,
2215 4223 2355 4275 quae
2392 4206 2729 4286 Thietmqm

476 4286 806 4411 22⁸3?ssssssssss
831 4276 2358 4425 &mmm‘³3ss⁶..295232’222203}.{⁶22322.³55.55
2370 4275 2730 4410 ἅῗῖῖᾝῗέ

476 4417 534 4485 7)
572 4419 621 4472 Ι.
651 4434 694 4471 e.
729 4419 922 4474 tertius
966 4416 1228 4484 Wiaiyisi
1259 4430 1541 4470 successor
1578 4415 1920 4468 Thzetmarus
1944 4411 2139 4480 factus
2174 4418 2265 4468 est.

2747 1240 2768 1263 *
2787 1240 2877 1289 fol.
2898 1239 3009 1281 11'1‘.

2748 2268 2770 2292 *
2792 2282 2843 2319 p.
2864 2270 2961 2310 819.

2752 3208 2775 3231 *
2792 3210 2880 3260 sol.
2904 3212 2997 3252 118.
