3100 5050
1003 422 1412 478 THIETMARI
1445 421 1707 479 CHRON.
1777 423 1911 478 LIB.
1950 424 2015 479 V.
2535 426 2633 480 111

129 577 704 653 *s01.s4⁴.eiusdem⁸
771 577 962 657 locib,
1035 575 1415 641 '‘Alfkeruse
1485 576 1812 655 nomine¹‚
1894 597 2123 661 corpus
2197 578 2481 642 visitavit
2558 596 2635 643 ac
2672 596 2831 651 1002.

380 663 1002 732 commendationem
1047 663 1298 727 animae
1344 683 1595 728 summa
1640 660 1974 728 devotione
2016 661 2305 748 perfecit.

553 752 612 817 7.
659 751 748 836 (5.
850 749 1030 827 Quae
1074 768 1224 813 vero
1271 747 1357 813 sit
1400 768 1623 826 causa,
1685 769 1850 832 quae
1896 748 2013 813 hos
2067 748 2149 813 ad
2201 749 2332 814 tale
2384 746 2636 813 facinus

380 844 724 920 perpetrati
777 856 882 899 um
971 835 1346 914 ersuaserit,
1390 834 1705 899 veraciter
1748 834 2074 917 explicare
2118 854 2386 918 nequeo,
2487 833 2639 912 Qui-

379 923 530 987 dam
583 922 832 998 dicunt,
951 919 1261 985 einricum
1314 921 1625 985 instinctu
1676 921 1953 1004 predicti
2006 921 2260 985 comitis
2312 920 2394 985 ab
2437 920 2639 1003 impe-

377 1015 598 1075 ratore
640 1006 911 1090 flagellis
956 1026 1173 1071 cesum
1217 1006 1378 1071 haec
1421 1008 1635 1090 sepius
1680 1007 1749 1071 in
1794 1026 1939 1071 eum
1984 1005 2365 1073 meditatum
2416 1004 2637 1071 fuisse.

379 1094 511 1159 Alii
553 1098 916 1171 autumant,
962 1092 1132 1156 sicut
1171 1091 1441 1175 predixi,
1487 1094 1554 1155 in
1604 1090 1820 1156 Werlu
1865 1091 1946 1157 ob
1990 1092 2441 1157 contumeliam
2488 1110 2639 1156 con-

381 1180 710 1245 sororibus
761 1177 1036 1257 illatam,
1091 1180 1246 1259 quia
1296 1178 1410 1241 isti
1461 1176 1740 1243 libenter
1791 1178 1892 1242 his
1946 1178 2335 1257 serviebant,
2396 1198 2473 1242 ac
2523 1198 2641 1260 per

379 1266 709 1333 convivia‘¹
751 1264 1086 1347 minasque
1132 1261 1216 1328 ab
1259 1264 1400 1345 ipso
1447 1262 1571 1328 sibi
1620 1264 2068 1329 manifestatas
2122 1262 2283 1328 haec
2320 1283 2431 1329 eos
2466 1263 2637 1328 ince-

377 1354 569 1436 pisse.
658 1350 796 1415 Hoc
837 1354 1092 1414 tantum
1138 1349 1287 1427 scio,
1333 1349 1508 1433 quod
1551 1348 1751 1415 decus
1788 1352 1986 1434 regni,
2034 1349 2333 1414 solatium
2368 1350 2637 1434 patriae,

381 1438 579 1503 comis
612 1436 746 1500 suis
757 1447 801 1514 θ,
845 1440 1060 1499 terror
1093 1434 1374 1499 inimicis
1410 1440 1476 1499 et
1508 1456 1627 1517 per
1660 1436 1876 1501 omnia
1908 1435 2415 1522 perfectissimus
2451 1434 2638 1513 foret,

380 1525 438 1588 si
505 1524 572 1587 in
642 1521 1004 1587 humilitate
1073 1520 1281 1584 solum
1349 1523 1697 1605 persistere
1758 1523 2084 1589 voluisset.
2198 1521 2409 1587 Huius
2469 1522 2639 1586 vitae

381 1629 635 1674 cursum
691 1628 885 1691 quam
936 1604 1394 1691 probabiliterf
1432 1608 1593 1690 egit,
1656 1610 1767 1690 qui
1812 1608 1984 1692 apud
2030 1606 2359 1672 dominum
2404 1607 2641 1671 suimet

380 1694 676 1760 beneficii
709 1694 1054 1757 maximam
1104 1699 1354 1774 partem
1389 1694 1734 1777 acquisivit
1767 1694 1835 1757 in
1874 1692 2403 1778 proprietatem&
2494 1692 2640 1756 Mil·-

378 1781 620 1846 zientos
673 1800 716 1844 a
767 1778 1069 1843 libertate
1121 1778 1351 1842 inolita
1404 1780 1729 1844 servitutis
1782 1780 1931 1863 iugo
1990 1780 2388 1847 constrinxit.
2477 1778 2638 1842 Boe-

376 1866 649 1931 miorum
703 1864 932 1929 ducem
986 1863 1408 1941 Bolizlavum,
1468 1865 1581 1948 qui
1634 1866 2161 1949 cognominatur1²
2212 1863 2419 1929 Rufus
2435 1862 2491 1942 2,
2555 1862 2637 1928 ad

376 1952 648 2017 militem
713 1950 841 2015 sibi
912 1947 1283 2034 aliumque3
1345 1949 1428 2014 ad
1493 1952 1770 2015 amicum
1824 1951 2212 2017 familiarem
2274 1949 2643 2016 blandiciisi

379 2059 456 2103 ac
509 2037 702 2102 minis
753 2036 1154 2120 adipiscitur.
1249 2034 1455 2119 Super
1507 2038 1803 2102 omnemk
1846 2037 2261 2122 Thuringiam
2317 2036 2639 2101 communi

380 2124 583 2189 totius
641 2122 865 2207 populi
922 2121 1235 2187 electione·
1301 2120 1603 2188 ducatum
1668 2124 2047 2207 promeruit.
2154 2122 2436 2189 Comites
2490 2140 2643 2186 vero

138 2234 161 2258 *
185 2235 265 2284 soz.
285 2234 352 2275 85.
380 2210 726 2274 orientales
769 2207 994 2291 paucis
1036 2212 1290 2271 tantum
1335 2209 1617 2292 exceptis
1662 2230 2056 2293 regnumque
2100 2210 2166 2275 in
2204 2208 2349 2292 *spe
2389 2206 2636 2271 habuit.

381 2296 561 2374 Quae
603 2295 820 2359 omnia
863 2292 944 2359 ad
990 2298 1124 2357 tam
1171 2293 1601 2359 miserabilem
1648 2294 1821 2361 hunc
1865 2294 2202 2361 detraxere
2246 2296 2456 2359 finem.

552 2382 611 2447 8.
674 2379 884 2445 Huius
913 2378 1090 2443 fama
1125 2377 1237 2443 diu
1273 2398 1423 2443 mox
1457 2388 1816 2464 propagata
1851 2382 2151 2446 domnam
2182 2377 2643 2445 Suonehildam

376 2466 594 2532 venire
628 2464 784 2532 fecit
819 2463 1071 2530 obviam
1106 2462 1351 2548 filiique
1386 2466 1526 2531 eius
1562 2466 1885 2532 laeticiam
1926 2465 2214 2533 turbavit
2243 2464 2637 2531 Herimanni.

377 2552 472 2617 Is1
508 2573 807 2636 namque,
857 2572 1002 2616 cum
1037 2553 1220 2616 iussu
1256 2553 1466 2634 patris
1503 2553 1978 2619 Willehelmum
2020 2555 2312 2620 comitem
2327 2552 2376 2627 4,
2424 2571 2643 2616 senec-

376 2645 516 2704 tute
560 2659 638 2703 ac
678 2638 852 2702 omni
891 2637 1176 2702 bonitate
1209 2637 1587 2721 proficuum,
1634 2639 1716 2704 ob
1751 2640 2257 2704 vindicandamm
2284 2636 2638 2702 Widikindi

377 2731 442 2789 et
478 2723 861 2789 Herimanni
904 2743 1125 2788 necem
1165 2743 1206 2786 a
1241 2722 1374 2787 filio
1413 2725 1691 2789 suimet⁵
1740 2726 1832 2790 eis
1878 2726 2150 2792 inlatam
2193 2723 2407 2792 valida
2440 2743 2641 2788 manu

376 2812 444 2875 in
495 2810 801 2876 Wimeri¹¹¹
861 2808 1218 2894 possideret
1293 2811 1759 2894 emeritumque
1834 2832 2048 2878 senem
2117 2813 2183 2878 in
2246 2809 2635 2893 presentiam

375 2894 651 2981 predicti
704 2897 954 2961 comitis
1005 2896 1220 2960 venire
1283 2903 1366 2973 et,
1422 2897 1729 2980 quicquid
1780 2899 1919 2980 ipse
1974 2898 2057 2962 ab
2115 2917 2189 2962 eo
2244 2901 2636 2980 exposceret,

377 2982 646 3064 implere
705 2982 1064 3047 iuramento
1131 2982 1621 3064 constringeret,
1686 2989 1953 3069 accepta
2002 3003 2157 3049 nece
2211 2980 2497 3067 parentis
2542 2981 2644 3044 in—

376 3068 633 3151 provisa
693 3088 838 3131 cum
898 3073 1104 3131 matre
1165 3067 1460 3133 celeriter
1520 3071 1801 3134 occurrit
1858 3071 2191 3154 patrisque
2254 3088 2484 3151 corpus
2540 3067 2643 3130 in—

377 3154 552 3236 genti
625 3152 800 3217 luctu
879 3153 1236 3237 suscipiens
1313 3155 1382 3218 in
1450 3153 1637 3231 urbe,
1728 3177 1893 3238 quae
1970 3155 2259 3220 Geniun⁰
2338 3151 2643 3230 diciturss,

377 3238 636 3321 sepeliri
681 3237 854 3303 fecit.
941 3239 1215 3304 Peracto
1272 3245 1487 3304 autem
1542 3241 1867 3306 tricesimo
1913 3240 2057 3307 die⁷
2111 3242 2350 3307 domna
2395 3239 2642 3304 Suone-

375 3324 574 3390 hildis
617 3323 702 3388 ad
745 3323 941 3389 Misni
984 3324 1417 3409 proficiscitur
1463 3347 1607 3390 cum
1651 3325 1821 3392 filiis.
1866 3366 1871 3374 ¹

549 3414 609 3478 9.
653 3409 802 3497 (6.).
844 3409 1108 3475 Interim
1149 3411 1540 3494 Bolizlavus,
1604 3412 1949 3478 Miseconis
2001 3412 2171 3478 filius
2223 3413 2395 3495 patri
2447 3411 2644 3492 longe

375 3497 668 3576 inferior,
751 3493 830 3560 de
907 3503 1117 3561 morte
1196 3495 1479 3562 laetatur
1551 3499 1807 3564 comitis
1878 3498 2283 3582 Ekkyhard13
2364 3515 2641 3578 moxque

376 3660 420 3712 ι)
448 3661 602 3701 cadem
629 3659 680 3710 A,
706 3669 814 3699 corr.
837 3659 885 3698 Τ.
992 3657 1041 3709 b)
1066 3659 1155 3700 loci
1177 3659 1264 3700 loci
1291 3659 1338 3700 in
1363 3659 1530 3700 duabus
1548 3661 1725 3712 paginis
1750 3663 1789 3700 1.
1895 3662 1937 3712 c)
1968 3662 1991 3701 f
2011 3661 2115 3702 add.
2134 3663 2183 3702 Τ.
2300 3661 2345 3712 d)
2370 3656 2560 3701 conviva
2586 3659 2646 3708 A..

377 3723 484 3753 corr.
509 3713 558 3752 Τ.
681 3707 724 3761 c)
758 3711 969 3750 comissas
995 3712 1046 3760 A,
1073 3721 1174 3761 spes
1201 3711 1404 3752 coffiissis
1431 3723 1536 3755 corr.
1566 3716 1641 3752 aut
1671 3715 1710 3753 Τ
1731 3715 1808 3751 aut
1831 3715 1886 3752 N.
2009 3713 2047 3764 f)
2080 3714 2143 3754 ita
2172 3715 2215 3765 V,
2244 3715 2285 3764 2,
2312 3716 2368 3753 A.
2387 3714 2433 3752 S.
2443 3725 2461 3760 ‚-
2486 3712 2639 3760 proban

375 3764 490 3804 biter
522 3763 576 3804 A.
706 3761 754 3813 g)
796 3764 858 3802 ita
891 3762 944 3811 V;
987 3764 1272 3812 propietatem
1307 3763 1362 3804 A.
1484 3762 1532 3815 h)
1576 3763 1914 3814 cognomitatur·
1932 3768 1971 3804 ι.
2092 3766 2125 3814 i)
2169 3767 2231 3804 ita
2271 3766 2321 3813 V?
2358 3763 2545 3804 blanciis
2578 3763 2641 3802 A.

376 3815 407 3854 k
451 3818 625 3856 alterum
651 3826 696 3855 m
721 3815 826 3854 add.
849 3815 896 3854 Τ.
1027 3813 1064 3860 l)
1093 3813 1225 3864 Isque
1251 3815 1305 3855 A.
1435 3815 1496 3866 m)
1533 3817 1773 3856 vindictam
1800 3827 1855 3855 an
1883 3816 1934 3866 A,
1962 3828 2067 3857 corr.
2100 3818 2151 3857 Τ.
2281 3819 2329 3867 n)
2365 3815 2556 3856 animari
2585 3814 2633 3854 V.

375 3877 400 3906 o
454 3877 512 3906 un
539 3877 716 3917 erasum,
750 3865 823 3906 aed
848 3866 920 3904 vix
947 3875 974 3904 a
1003 3865 1249 3916 Thietmaro,
1277 3867 1351 3915 qui
1368 3869 1542 3918 punctis
1577 3866 1712 3908 delere
1738 3870 1860 3918 solet:
1902 3879 1929 3907 n
1957 3879 2090 3918 cupra
2118 3871 2270 3909 lineam
2304 3869 2505 3919 emptum
2524 3867 2641 3916 suit,

364 3920 550 3969 somne
575 3931 604 3958 α
631 3920 671 3958 Τ
693 3917 856 3958 demum
880 3918 1086 3957 additum.

380 4047 431 4112 1)
460 4048 770 4114 Quipostea
786 4049 1112 4102 monasterio
1131 4047 1602 4116 Maqdebwryensi
1609 4049 1860 4116 praefuit
1877 4066 1930 4103 a.
1950 4050 2293 4104 1005—1009
2303 4068 2317 4112 3
2344 4047 2417 4112 cf.
2434 4049 2533 4113 VI,
2552 4049 2635 4102 20.

377 4117 430 4182 2)
467 4117 816 4170 Boleslavum
853 4118 973 4170 ΙΙΙ.
1019 4117 1210 4170 ducem
1243 4117 1539 4172 Bohemiae
1582 4118 1765 4172 999-
1781 4118 1945 4184 1002,
1984 4117 2167 4185 filium
2201 4118 2483 4173 Boleslavi
2511 4118 2635 4183 II.;

377 4184 448 4252 cf.
487 4185 752 4254 Palacky,
789 4183 1120 4240 ‘Geschichte
1155 4185 1452 4239 Bohmens'
1488 4186 1527 4238 I
1526 4225 1538 4237 .
1678 4185 1731 4250 3)
1769 4186 2119 4240 Boleslavum
2157 4187 2346 4242 ducem
2374 4187 2645 4240 Polom'ae

380 4253 574 4318 (992—
589 4255 763 4316 1025).
913 4254 968 4319 4)
1027 4253 1423 4309 Willehelmum
1464 4255 1505 4307 Ι
1502 4255 1540 4306 Ι
1539 4293 1552 4306 .
1599 4253 1841 4308 comitem
1897 4255 2311 4310 Wimariemem
2360 4256 2415 4320 (†
2451 4255 2635 4320 1003);

376 4322 449 4390 cf.
513 4323 978 4390 Knochenhauer,
1041 4321 1376 4378 ‘Geschiehtc
1440 4323 1817 4390 Thilrinqens'.
1992 4325 2045 4390 5)
2125 4324 2451 4381 Willehelmo
2512 4325 2641 4379 III.

377 4392 433 4456 6)
485 4389 840 4446 Groui-Iena
891 4393 1045 4459 villa,
1098 4393 1208 4447 sita
1257 4392 1358 4446 ubi
1406 4391 1609 4457 flu-vius
1666 4391 1894 4446 Unstrut
1944 4391 2125 4459 effluit
2176 4395 2237 4447 in
2291 4391 2498 4448 Salam.
2566 4393 2642 4447 J..

378 4461 432 4525 7)
470 4457 553 4525 (ff.
588 4459 1032 4530 Sachsenspieqel
1062 4462 1116 4529 I,
1154 4467 1257 4516 art.
1285 4463 1368 4516 22.
1437 4462 1544 4523 L.,·
1613 4461 1745 4516 Vita
1779 4461 1847 4514 H
1845 4461 2103 4518 ludowici
2135 4479 2179 4518 c.
2206 4464 2292 4516 21.
