<?xml version="1.0" encoding="UTF-8"?>
<!DOCTYPE html PUBLIC "-//W3C//DTD XHTML 1.0 Transitional//EN"
    "http://www.w3.org/TR/xhtml1/DTD/xhtml1-transitional.dtd">
<html xmlns="http://www.w3.org/1999/xhtml" xml:lang="en" lang="en">
 <head>
  <title>
</title>
<meta http-equiv="Content-Type" content="text/html;charset=utf-8" />
  <meta name='ocr-system' content='tesseract 3.04.00' />
  <meta name='ocr-capabilities' content='ocr_page ocr_carea ocr_par ocr_line ocrx_word'/>
</head>
<body>
  <div class='ocr_page' id='page_1' title='image "./thietmarimerseb00lappgoog_0222.png"; bbox 0 0 3100 5050; ppageno 0'>
   <div class='ocr_carea' id='block_1_1' title="bbox 274 580 426 636">
    <p class='ocr_par' dir='ltr' id='par_1_1' title="bbox 274 580 426 636">
     <span class='ocr_line' id='line_1_1' title="bbox 274 580 426 636; baseline 0 -2"><span class='ocrx_word' id='word_1_1' title='bbox 274 580 426 636; x_wconf 85' lang='lat'>1015.</span> 
     </span>
    </p>
   </div>
   <div class='ocr_carea' id='block_1_2' title="bbox 244 929 433 970">
    <p class='ocr_par' dir='ltr' id='par_1_2' title="bbox 244 929 433 970">
     <span class='ocr_line' id='line_1_2' title="bbox 244 929 433 970; baseline 0 0"><span class='ocrx_word' id='word_1_2' title='bbox 244 929 349 970; x_wconf 69' lang='lat' dir='ltr'>Mai.</span> <span class='ocrx_word' id='word_1_3' title='bbox 367 932 433 970; x_wconf 81' lang='lat'>31.</span> 
     </span>
    </p>
   </div>
   <div class='ocr_carea' id='block_1_3' title="bbox 238 1785 425 1828">
    <p class='ocr_par' dir='ltr' id='par_1_3' title="bbox 238 1785 425 1828">
     <span class='ocr_line' id='line_1_3' title="bbox 238 1785 425 1828; baseline 0.011 -2"><span class='ocrx_word' id='word_1_4' title='bbox 238 1785 341 1828; x_wconf 80' lang='lat' dir='ltr'>Mai.</span> <span class='ocrx_word' id='word_1_5' title='bbox 362 1789 425 1828; x_wconf 74' lang='lat'>29.</span> 
     </span>
    </p>
   </div>
   <div class='ocr_carea' id='block_1_4' title="bbox 240 2730 425 2773">
    <p class='ocr_par' dir='ltr' id='par_1_4' title="bbox 240 2730 425 2773">
     <span class='ocr_line' id='line_1_4' title="bbox 240 2730 425 2773; baseline 0.011 -2"><span class='ocrx_word' id='word_1_6' title='bbox 240 2730 339 2771; x_wconf 87' lang='lat' dir='ltr'>Iun.</span> <span class='ocrx_word' id='word_1_7' title='bbox 360 2732 425 2773; x_wconf 74' lang='lat'>24.</span> 
     </span>
    </p>
   </div>
   <div class='ocr_carea' id='block_1_5' title="bbox 278 3334 426 3375">
    <p class='ocr_par' dir='ltr' id='par_1_5' title="bbox 278 3334 426 3375">
     <span class='ocr_line' id='line_1_5' title="bbox 278 3334 426 3375; baseline 0.014 -2"><span class='ocrx_word' id='word_1_8' title='bbox 278 3334 365 3375; x_wconf 84' lang='lat' dir='ltr'>lul.</span> <span class='ocrx_word' id='word_1_9' title='bbox 385 3336 426 3375; x_wconf 83' lang='lat'>8.</span> 
     </span>
    </p>
   </div>
   <div class='ocr_carea' id='block_1_6' title="bbox 462 413 2234 482">
    <p class='ocr_par' dir='ltr' id='par_1_6' title="bbox 462 413 2234 482">
     <span class='ocr_line' id='line_1_6' title="bbox 462 413 2234 482; baseline -0.001 -11"><span class='ocrx_word' id='word_1_10' title='bbox 462 417 565 471; x_wconf 78' lang='lat'>202</span> <span class='ocrx_word' id='word_1_11' title='bbox 954 414 1357 470; x_wconf 74' lang='lat' dir='ltr'><strong>THIETMARI</strong></span> <span class='ocrx_word' id='word_1_12' title='bbox 1392 413 1654 470; x_wconf 84' lang='lat' dir='ltr'>CHRON.</span> <span class='ocrx_word' id='word_1_13' title='bbox 1723 414 1858 469; x_wconf 89' lang='lat' dir='ltr'><strong>LIB.</strong></span> <span class='ocrx_word' id='word_1_14' title='bbox 1893 413 2032 469; x_wconf 90' lang='lat' dir='ltr'><strong>VIII</strong></span> <span class='ocrx_word' id='word_1_15' title='bbox 2067 413 2234 482; x_wconf 88' lang='lat' dir='ltr'><strong>(VII).</strong></span> 
     </span>
    </p>
   </div>
   <div class='ocr_carea' id='block_1_7' title="bbox 452 567 2724 3656">
    <p class='ocr_par' dir='ltr' id='par_1_7' title="bbox 454 567 2724 1769">
     <span class='ocr_line' id='line_1_7' title="bbox 462 567 2724 653; baseline 0 -19"><span class='ocrx_word' id='word_1_16' title='bbox 462 569 708 634; x_wconf 88' lang='lat' dir='ltr'>cunctis</span> <span class='ocrx_word' id='word_1_17' title='bbox 768 567 1065 634; x_wconf 89' lang='lat' dir='ltr'>fidelibus</span> <span class='ocrx_word' id='word_1_18' title='bbox 1123 569 1542 653; x_wconf 82' lang='lat' dir='ltr'>peccatricem</span> <span class='ocrx_word' id='word_1_19' title='bbox 1603 569 1863 632; x_wconf 89' lang='lat' dir='ltr'>meimet</span> <span class='ocrx_word' id='word_1_20' title='bbox 1921 569 2202 634; x_wconf 89' lang='lat' dir='ltr'>animam</span> <span class='ocrx_word' id='word_1_21' title='bbox 2273 589 2470 653; x_wconf 88' lang='lat' dir='ltr'>queso</span> <span class='ocrx_word' id='word_1_22' title='bbox 2540 591 2724 634; x_wconf 91' lang='lat' dir='ltr'>com-</span> 
     </span>
     <span class='ocr_line' id='line_1_8' title="bbox 461 653 2723 734; baseline 0 -15"><span class='ocrx_word' id='word_1_23' title='bbox 461 654 759 720; x_wconf 86' lang='lat' dir='ltr'>mendate</span> <span class='ocrx_word' id='word_1_24' title='bbox 803 661 868 718; x_wconf 91' lang='lat' dir='ltr'>et</span> <span class='ocrx_word' id='word_1_25' title='bbox 912 674 1176 719; x_wconf 87' lang='lat' dir='ltr'>uxorem</span> <span class='ocrx_word' id='word_1_26' title='bbox 1221 676 1454 734; x_wconf 85' lang='lat' dir='ltr'>meam,</span> <span class='ocrx_word' id='word_1_27' title='bbox 1512 659 1587 718; x_wconf 89' lang='lat' dir='ltr'>ut</span> <span class='ocrx_word' id='word_1_28' title='bbox 1631 653 1939 718; x_wconf 85' lang='lat' dir='ltr'><strong>honorem</strong></span> <span class='ocrx_word' id='word_1_29' title='bbox 1985 675 2174 719; x_wconf 88' lang='lat' dir='ltr'>suum</span> <span class='ocrx_word' id='word_1_30' title='bbox 2217 659 2428 722; x_wconf 87' lang='lat' dir='ltr'>servet</span> <span class='ocrx_word' id='word_1_31' title='bbox 2465 661 2542 720; x_wconf 89' lang='lat' dir='ltr'>-et</span> <span class='ocrx_word' id='word_1_32' title='bbox 2584 656 2723 720; x_wconf 84' lang='lat' dir='ltr'>mei</span> 
     </span>
     <span class='ocr_line' id='line_1_9' title="bbox 461 739 2722 826; baseline 0.001 -22"><span class='ocrx_word' id='word_1_33' title='bbox 461 762 589 806; x_wconf 90' lang='lat' dir='ltr'>non</span> <span class='ocrx_word' id='word_1_34' title='bbox 651 740 1084 816; x_wconf 79' lang='lat' dir='ltr'>obliviscatur,</span> <span class='ocrx_word' id='word_1_35' title='bbox 1143 740 1545 805; x_wconf 86' lang='lat' dir='ltr'>ammonete.’</span> <span class='ocrx_word' id='word_1_36' title='bbox 1633 739 1808 803; x_wconf 81' lang='lat' dir='ltr'>Haec</span> <span class='ocrx_word' id='word_1_37' title='bbox 1870 739 2117 818; x_wconf 82' lang='lat' dir='ltr'>dicens,</span> <span class='ocrx_word' id='word_1_38' title='bbox 2181 740 2247 805; x_wconf 92' lang='lat' dir='ltr'>in</span> <span class='ocrx_word' id='word_1_39' title='bbox 2309 760 2722 826; x_wconf 85' lang='lat' dir='ltr'>quocumque</span> 
     </span>
     <span class='ocr_line' id='line_1_10' title="bbox 461 825 2724 912; baseline 0 -21"><span class='ocrx_word' id='word_1_40' title='bbox 461 845 763 910; x_wconf 90' lang='lat' dir='ltr'>umquam</span> <span class='ocrx_word' id='word_1_41' title='bbox 792 847 861 891; x_wconf 89' lang='lat' dir='ltr'>se</span> <span class='ocrx_word' id='word_1_42' title='bbox 888 825 1137 910; x_wconf 87' lang='lat' dir='ltr'>aliquid</span> <span class='ocrx_word' id='word_1_43' title='bbox 1171 825 1517 912; x_wconf 68' lang='lat' dir='ltr'>deliquisse</span> <span class='ocrx_word' id='word_1_44' title='bbox 1551 825 1881 891; x_wconf 86' lang='lat' dir='ltr'>recordari</span> <span class='ocrx_word' id='word_1_45' title='bbox 1908 827 2140 910; x_wconf 87' lang='lat' dir='ltr'>potuit,</span> <span class='ocrx_word' id='word_1_46' title='bbox 2176 827 2424 891; x_wconf 87' lang='lat' dir='ltr'>cunctis</span> <span class='ocrx_word' id='word_1_47' title='bbox 2449 847 2724 910; x_wconf 88' lang='lat' dir='ltr'>presen—</span> 
     </span>
     <span class='ocr_line' id='line_1_11' title="bbox 460 909 2719 998; baseline 0.001 -22"><span class='ocrx_word' id='word_1_48' title='bbox 460 913 636 978; x_wconf 81' lang='lat' dir='ltr'>tibus</span> <span class='ocrx_word' id='word_1_49' title='bbox 680 913 958 977; x_wconf 85' lang='lat' dir='ltr'>innotuit</span> <span class='ocrx_word' id='word_1_50' title='bbox 1008 920 1074 976; x_wconf 87' lang='lat' dir='ltr'>et</span> <span class='ocrx_word' id='word_1_51' title='bbox 1129 931 1279 976; x_wconf 87' lang='lat' dir='ltr'>mox</span> <span class='ocrx_word' id='word_1_52' title='bbox 1323 911 1402 976; x_wconf 91' lang='lat' dir='ltr'>de</span> <span class='ocrx_word' id='word_1_53' title='bbox 1446 909 1588 976; x_wconf 90' lang='lat' dir='ltr'>luce</span> <span class='ocrx_word' id='word_1_54' title='bbox 1635 909 1800 998; x_wconf 86' lang='lat' dir='ltr'>[hac]</span> <span class='ocrx_word' id='word_1_55' title='bbox 1849 910 1932 979; x_wconf 90' lang='grc' dir='ltr'>ΙΙ.</span> <span class='ocrx_word' id='word_1_56' title='bbox 1959 911 2100 978; x_wconf 88' lang='lat' dir='ltr'>Kal.</span> <span class='ocrx_word' id='word_1_57' title='bbox 2141 911 2311 976; x_wconf 89' lang='lat' dir='ltr'>Iunii</span> <span class='ocrx_word' id='word_1_58' title='bbox 2332 913 2358 957; x_wconf 77' lang='lat'>1‘</span> <span class='ocrx_word' id='word_1_59' title='bbox 2397 911 2719 992; x_wconf 76' lang='lat' dir='ltr'>discessit,</span> 
     </span>
     <span class='ocr_line' id='line_1_12' title="bbox 460 997 2723 1082; baseline -0 -18"><span class='ocrx_word' id='word_1_60' title='bbox 460 997 749 1082; x_wconf 87' lang='lat' dir='ltr'>sepultus</span> <span class='ocrx_word' id='word_1_61' title='bbox 794 998 861 1063; x_wconf 89' lang='lat' dir='ltr'>in</span> <span class='ocrx_word' id='word_1_62' title='bbox 904 997 1269 1081; x_wconf 80' lang='lat' dir='ltr'>wirciburg</span> <span class='ocrx_word' id='word_1_63' title='bbox 1313 998 1491 1062; x_wconf 85' lang='lat' dir='ltr'>iuxta</span> <span class='ocrx_word' id='word_1_64' title='bbox 1543 1007 1795 1079; x_wconf 88' lang='lat' dir='ltr'>patrem</span> <span class='ocrx_word' id='word_1_65' title='bbox 1840 1015 2025 1062; x_wconf 89' lang='lat' dir='ltr'>suum</span> <span class='ocrx_word' id='word_1_66' title='bbox 2083 998 2513 1062; x_wconf 85' lang='lat' dir='ltr'>marchionem</span> <span class='ocrx_word' id='word_1_67' title='bbox 2558 998 2723 1063; x_wconf 86' lang='lat' dir='ltr'>Liu-</span> 
     </span>
     <span class='ocr_line' id='line_1_13' title="bbox 459 1082 2722 1169; baseline 0 -21"><span class='ocrx_word' id='word_1_68' title='bbox 459 1084 741 1169; x_wconf 89' lang='lat' dir='ltr'>poldum,</span> <span class='ocrx_word' id='word_1_69' title='bbox 780 1092 853 1149; x_wconf 90' lang='lat' dir='ltr'>ut</span> <span class='ocrx_word' id='word_1_70' title='bbox 886 1085 1023 1167; x_wconf 89' lang='lat' dir='ltr'>ipse</span> <span class='ocrx_word' id='word_1_71' title='bbox 1057 1085 1324 1167; x_wconf 85' lang='lat' dir='ltr'>rogavit.</span> <span class='ocrx_word' id='word_1_72' title='bbox 1396 1082 1519 1146; x_wconf 90' lang='lat' dir='ltr'>Hic</span> <span class='ocrx_word' id='word_1_73' title='bbox 1555 1083 1823 1160; x_wconf 86' lang='lat' dir='ltr'>iuvenis,</span> <span class='ocrx_word' id='word_1_74' title='bbox 1865 1088 1939 1147; x_wconf 86' lang='lat' dir='ltr'>ut</span> <span class='ocrx_word' id='word_1_75' title='bbox 1974 1102 2181 1166; x_wconf 78' lang='lat' dir='ltr'>spem,</span> <span class='ocrx_word' id='word_1_76' title='bbox 2227 1083 2479 1148; x_wconf 90' lang='lat' dir='ltr'>felicem</span> <span class='ocrx_word' id='word_1_77' title='bbox 2515 1085 2722 1150; x_wconf 84' lang='lat' dir='ltr'>babet</span> 
     </span>
     <span class='ocr_line' id='line_1_14' title="bbox 460 1169 2721 1253; baseline 0 -18"><span class='ocrx_word' id='word_1_78' title='bbox 460 1172 768 1250; x_wconf 79' lang='lat' dir='ltr'>animam,</span> <span class='ocrx_word' id='word_1_79' title='bbox 831 1171 965 1249; x_wconf 85' lang='lat' dir='ltr'>cui,</span> <span class='ocrx_word' id='word_1_80' title='bbox 1039 1171 1207 1234; x_wconf 90' lang='lat' dir='ltr'>sicut</span> <span class='ocrx_word' id='word_1_81' title='bbox 1261 1170 1402 1253; x_wconf 88' lang='lat' dir='ltr'>ipse</span> <span class='ocrx_word' id='word_1_82' title='bbox 1459 1170 1680 1233; x_wconf 88' lang='lat' dir='ltr'>vivens</span> <span class='ocrx_word' id='word_1_83' title='bbox 1736 1174 2013 1233; x_wconf 87' lang='lat' dir='ltr'>testatus</span> <span class='ocrx_word' id='word_1_84' title='bbox 2069 1174 2195 1246; x_wconf 87' lang='lat' dir='ltr'>est,</span> <span class='ocrx_word' id='word_1_85' title='bbox 2270 1169 2721 1253; x_wconf 72' lang='lat' dir='ltr'>plus&#39;placuit</span> 
     </span>
     <span class='ocr_line' id='line_1_15' title="bbox 456 1254 2714 1339; baseline 0.001 -19"><span class='ocrx_word' id='word_1_86' title='bbox 456 1277 673 1322; x_wconf 90' lang='lat' dir='ltr'>coram</span> <span class='ocrx_word' id='word_1_87' title='bbox 716 1255 935 1320; x_wconf 89' lang='lat' dir='ltr'>multis</span> <span class='ocrx_word' id='word_1_88' title='bbox 980 1254 1086 1319; x_wconf 89' lang='lat' dir='ltr'>hic</span> <span class='ocrx_word' id='word_1_89' title='bbox 1128 1254 1525 1332; x_wconf 76' lang='lat' dir='ltr'>erubescere,</span> <span class='ocrx_word' id='word_1_90' title='bbox 1587 1274 1781 1338; x_wconf 89' lang='lat' dir='ltr'>quam</span> <span class='ocrx_word' id='word_1_91' title='bbox 1835 1274 2050 1319; x_wconf 91' lang='lat' dir='ltr'>coram</span> <span class='ocrx_word' id='word_1_92' title='bbox 2101 1256 2526 1339; x_wconf 78' lang='lat' dir='ltr'>omnipotenti</span> <span class='ocrx_word' id='word_1_93' title='bbox 2573 1257 2714 1322; x_wconf 89' lang='lat' dir='ltr'>Deo</span> 
     </span>
     <span class='ocr_line' id='line_1_16' title="bbox 458 1339 2722 1424; baseline -0 -17"><span class='ocrx_word' id='word_1_94' title='bbox 458 1343 680 1409; x_wconf 87' lang='lat' dir='ltr'>latere.</span> <span class='ocrx_word' id='word_1_95' title='bbox 785 1340 915 1405; x_wconf 84' lang='lat' dir='ltr'>*De</span> <span class='ocrx_word' id='word_1_96' title='bbox 971 1340 1091 1405; x_wconf 90' lang='lat' dir='ltr'>hoc</span> <span class='ocrx_word' id='word_1_97' title='bbox 1150 1340 1533 1424; x_wconf 86' lang='lat' dir='ltr'>exemplum,</span> <span class='ocrx_word' id='word_1_98' title='bbox 1593 1342 1831 1404; x_wconf 87' lang='lat' dir='ltr'>fratres</span> <span class='ocrx_word' id='word_1_99' title='bbox 1887 1340 1954 1404; x_wconf 90' lang='lat' dir='ltr'>in</span> <span class='ocrx_word' id='word_1_100' title='bbox 2019 1339 2304 1418; x_wconf 82' lang='lat' dir='ltr'>Christo,</span> <span class='ocrx_word' id='word_1_101' title='bbox 2365 1343 2580 1423; x_wconf 87' lang='lat' dir='ltr'>capite</span> <span class='ocrx_word' id='word_1_102' title='bbox 2647 1349 2722 1406; x_wconf 82' lang='lat' dir='ltr'>et</span> 
     </span>
     <span class='ocr_line' id='line_1_17' title="bbox 458 1424 2720 1510; baseline 0 -18"><span class='ocrx_word' id='word_1_103' title='bbox 458 1427 749 1493; x_wconf 86' lang='lat' dir='ltr'>morbum</span> <span class='ocrx_word' id='word_1_104' title='bbox 803 1427 1073 1491; x_wconf 88' lang='lat' dir='ltr'>interius</span> <span class='ocrx_word' id='word_1_105' title='bbox 1128 1426 1437 1491; x_wconf 86' lang='lat' dir='ltr'>latentem</span> <span class='ocrx_word' id='word_1_106' title='bbox 1488 1424 1738 1490; x_wconf 86' lang='lat' dir='ltr'>medico</span> <span class='ocrx_word' id='word_1_107' title='bbox 1781 1424 2080 1490; x_wconf 74' lang='lat' dir='ltr'>caelesti·</span> <span class='ocrx_word' id='word_1_108' title='bbox 2131 1427 2376 1510; x_wconf 85' lang='lat' dir='ltr'>aperite</span> <span class='ocrx_word' id='word_1_109' title='bbox 2430 1435 2498 1492; x_wconf 86' lang='lat' dir='ltr'>et</span> <span class='ocrx_word' id='word_1_110' title='bbox 2544 1429 2720 1493; x_wconf 85' lang='lat' dir='ltr'>anti-</span> 
     </span>
     <span class='ocr_line' id='line_1_18' title="bbox 457 1508 2720 1598; baseline -0 -19"><span class='ocrx_word' id='word_1_111' title='bbox 457 1513 717 1579; x_wconf 71' lang='lat' dir='ltr'>dot-amb</span> <span class='ocrx_word' id='word_1_112' title='bbox 775 1513 912 1578; x_wconf 88' lang='lat' dir='ltr'>eius</span> <span class='ocrx_word' id='word_1_113' title='bbox 964 1511 1223 1577; x_wconf 86' lang='lat' dir='ltr'>salubre</span> <span class='ocrx_word' id='word_1_114' title='bbox 1276 1511 1645 1576; x_wconf 88' lang='lat' dir='ltr'>nullatenus</span> <span class='ocrx_word' id='word_1_115' title='bbox 1699 1508 1980 1595; x_wconf 88' lang='lat' dir='ltr'>spernite</span> <span class='ocrx_word' id='word_1_116' title='bbox 2037 1517 2127 1590; x_wconf 86' lang='lat' dir='ltr'>et,</span> <span class='ocrx_word' id='word_1_117' title='bbox 2182 1512 2571 1598; x_wconf 78' lang='lat' dir='ltr'>quicumque</span> <span class='ocrx_word' id='word_1_118' title='bbox 2623 1514 2720 1578; x_wconf 84' lang='lat' dir='ltr'>sit</span> 
     </span>
     <span class='ocr_line' id='line_1_19' title="bbox 455 1597 2718 1684; baseline 0 -21"><span class='ocrx_word' id='word_1_119' title='bbox 455 1600 521 1665; x_wconf 91' lang='lat' dir='ltr'>in</span> <span class='ocrx_word' id='word_1_120' title='bbox 568 1599 693 1664; x_wconf 87' lang='lat' dir='ltr'>fine</span> <span class='ocrx_word' id='word_1_121' title='bbox 737 1603 961 1664; x_wconf 90' lang='lat' dir='ltr'>nostro</span> <span class='ocrx_word' id='word_1_122' title='bbox 1006 1598 1347 1676; x_wconf 84' lang='lat' dir='ltr'>confessor,</span> <span class='ocrx_word' id='word_1_123' title='bbox 1393 1619 1520 1661; x_wconf 90' lang='lat' dir='ltr'>non</span> <span class='ocrx_word' id='word_1_124' title='bbox 1567 1605 1854 1662; x_wconf 87' lang='lat' dir='ltr'>moretur</span> <span class='ocrx_word' id='word_1_125' title='bbox 1897 1598 1966 1661; x_wconf 91' lang='lat' dir='ltr'>in</span> <span class='ocrx_word' id='word_1_126' title='bbox 1999 1600 2276 1680; x_wconf 84' lang='lat' dir='ltr'>gementi</span> <span class='ocrx_word' id='word_1_127' title='bbox 2311 1597 2718 1684; x_wconf 84' lang='lat' dir='ltr'>professione</span> 
     </span>
     <span class='ocr_line' id='line_1_20' title="bbox 454 1682 2713 1769; baseline 0.001 -19"><span class='ocrx_word' id='word_1_128' title='bbox 454 1692 778 1769; x_wconf 79' lang='lat' dir='ltr'>peccator,</span> <span class='ocrx_word' id='word_1_129' title='bbox 832 1694 907 1748; x_wconf 86' lang='lat' dir='ltr'>ut</span> <span class='ocrx_word' id='word_1_130' title='bbox 958 1685 1041 1748; x_wconf 86' lang='lat' dir='ltr'>ab</span> <span class='ocrx_word' id='word_1_131' title='bbox 1096 1705 1171 1748; x_wconf 90' lang='lat' dir='ltr'>eo</span> <span class='ocrx_word' id='word_1_132' title='bbox 1226 1685 1294 1748; x_wconf 90' lang='lat' dir='ltr'>in</span> <span class='ocrx_word' id='word_1_133' title='bbox 1346 1683 1543 1748; x_wconf 87' lang='lat' dir='ltr'>caelis</span> <span class='ocrx_word' id='word_1_134' title='bbox 1595 1682 1959 1748; x_wconf 87' lang='lat' dir='ltr'>inveniatur</span> <span class='ocrx_word' id='word_1_135' title='bbox 2008 1684 2336 1767; x_wconf 87' lang='lat' dir='ltr'>propicius</span> <span class='ocrx_word' id='word_1_136' title='bbox 2384 1685 2713 1752; x_wconf 88' lang='lat' dir='ltr'>remissor.</span> 
     </span>
    </p>

    <p class='ocr_par' dir='ltr' id='par_1_8' title="bbox 452 1768 2717 2716">
     <span class='ocr_line' id='line_1_21' title="bbox 632 1768 2715 1853; baseline -0.001 -17"><span class='ocrx_word' id='word_1_137' title='bbox 632 1774 728 1838; x_wconf 81' lang='lat'>15.</span> <span class='ocrx_word' id='word_1_138' title='bbox 788 1768 953 1853; x_wconf 88' lang='grc'><strong>(11.)</strong></span> <span class='ocrx_word' id='word_1_139' title='bbox 1037 1769 1134 1834; x_wconf 90' lang='lat' dir='ltr'>Ad</span> <span class='ocrx_word' id='word_1_140' title='bbox 1192 1775 1844 1851; x_wconf 64' lang='lat' dir='ltr'>supramemoratamc</span> <span class='ocrx_word' id='word_1_141' title='bbox 1903 1768 2444 1850; x_wconf 82' lang='lat' dir='ltr'>sollempnitatem</span> <span class='ocrx_word' id='word_1_142' title='bbox 2503 1777 2567 1836; x_wconf 91' lang='lat' dir='ltr'>et</span> <span class='ocrx_word' id='word_1_143' title='bbox 2623 1771 2715 1834; x_wconf 87' lang='lat' dir='ltr'>ad</span> 
     </span>
     <span class='ocr_line' id='line_1_22' title="bbox 455 1853 2717 1940; baseline 0 -20"><span class='ocrx_word' id='word_1_144' title='bbox 455 1854 817 1938; x_wconf 89' lang='lat' dir='ltr'>predictum</span> <span class='ocrx_word' id='word_1_145' title='bbox 860 1854 1106 1920; x_wconf 86' lang='lat' dir='ltr'>locum2</span> <span class='ocrx_word' id='word_1_146' title='bbox 1158 1855 1418 1939; x_wconf 89' lang='lat' dir='ltr'>quidam</span> <span class='ocrx_word' id='word_1_147' title='bbox 1461 1856 1742 1919; x_wconf 89' lang='lat' dir='ltr'>rusticus</span> <span class='ocrx_word' id='word_1_148' title='bbox 1780 1854 1860 1918; x_wconf 86' lang='lat' dir='ltr'>de</span> <span class='ocrx_word' id='word_1_149' title='bbox 1895 1853 2178 1920; x_wconf 89' lang='lat' dir='ltr'>occiduis</span> <span class='ocrx_word' id='word_1_150' title='bbox 2202 1857 2470 1920; x_wconf 84' lang='lat' dir='ltr'>&#39;veniens</span> <span class='ocrx_word' id='word_1_151' title='bbox 2504 1859 2717 1940; x_wconf 89' lang='lat' dir='ltr'>parti-</span> 
     </span>
     <span class='ocr_line' id='line_1_23' title="bbox 457 1940 2714 2023; baseline 0.001 -18"><span class='ocrx_word' id='word_1_152' title='bbox 457 1943 577 2005; x_wconf 89' lang='lat' dir='ltr'>bus</span> <span class='ocrx_word' id='word_1_153' title='bbox 644 1961 871 2006; x_wconf 88' lang='lat' dir='ltr'>novam</span> <span class='ocrx_word' id='word_1_154' title='bbox 938 1941 1317 2022; x_wconf 88' lang='lat' dir='ltr'>imperatori</span> <span class='ocrx_word' id='word_1_155' title='bbox 1382 1941 1768 2023; x_wconf 85' lang='lat' dir='ltr'>legationem</span> <span class='ocrx_word' id='word_1_156' title='bbox 1835 1940 2074 2005; x_wconf 84' lang='lat' dir='ltr'>detulit</span> <span class='ocrx_word' id='word_1_157' title='bbox 2138 1947 2203 2004; x_wconf 89' lang='lat' dir='ltr'>et</span> <span class='ocrx_word' id='word_1_158' title='bbox 2263 1941 2428 2006; x_wconf 88' lang='lat' dir='ltr'>banc</span> <span class='ocrx_word' id='word_1_159' title='bbox 2489 1941 2714 2007; x_wconf 63' lang='lat' dir='ltr'>nullo¹³¹</span> 
     </span>
     <span class='ocr_line' id='line_1_24' title="bbox 454 2025 2712 2114; baseline 0.001 -24"><span class='ocrx_word' id='word_1_160' title='bbox 454 2027 581 2092; x_wconf 89' lang='lat' dir='ltr'>nisi</span> <span class='ocrx_word' id='word_1_161' title='bbox 618 2027 733 2092; x_wconf 79' lang='lat' dir='ltr'>eod</span> <span class='ocrx_word' id='word_1_162' title='bbox 770 2027 891 2090; x_wconf 90' lang='lat' dir='ltr'>soli</span> <span class='ocrx_word' id='word_1_163' title='bbox 927 2047 1229 2110; x_wconf 90' lang='lat' dir='ltr'>umquam</span> <span class='ocrx_word' id='word_1_164' title='bbox 1268 2028 1520 2109; x_wconf 88' lang='lat' dir='ltr'>aperire</span> <span class='ocrx_word' id='word_1_165' title='bbox 1554 2027 1773 2103; x_wconf 85' lang='lat' dir='ltr'>voluit,</span> <span class='ocrx_word' id='word_1_166' title='bbox 1857 2032 2075 2090; x_wconf 87' lang='lat' dir='ltr'>ortans</span> <span class='ocrx_word' id='word_1_167' title='bbox 2113 2026 2324 2092; x_wconf 90' lang='lat' dir='ltr'>adhuc</span> <span class='ocrx_word' id='word_1_168' title='bbox 2355 2025 2712 2114; x_wconf 88' lang='lat' dir='ltr'>[stimulum</span> 
     </span>
     <span class='ocr_line' id='line_1_25' title="bbox 454 2111 2712 2195; baseline 0.001 -19"><span class='ocrx_word' id='word_1_169' title='bbox 454 2113 649 2192; x_wconf 89' lang='lat' dir='ltr'>hunc,</span> <span class='ocrx_word' id='word_1_170' title='bbox 705 2133 831 2195; x_wconf 93' lang='lat' dir='ltr'>quo</span> <span class='ocrx_word' id='word_1_171' title='bbox 877 2119 1031 2176; x_wconf 89' lang='lat' dir='ltr'>tunc</span> <span class='ocrx_word' id='word_1_172' title='bbox 1073 2133 1271 2195; x_wconf 90' lang='lat' dir='ltr'>pecus</span> <span class='ocrx_word' id='word_1_173' title='bbox 1318 2133 1509 2183; x_wconf 86' lang='lat' dir='ltr'>arans</span> <span class='ocrx_word' id='word_1_174' title='bbox 1557 2113 1822 2176; x_wconf 88' lang='lat' dir='ltr'>minavit</span> <span class='ocrx_word' id='word_1_175' title='bbox 1854 2123 1908 2189; x_wconf 71' lang='grc' dir='ltr'>θ,</span> <span class='ocrx_word' id='word_1_176' title='bbox 1969 2133 2110 2177; x_wconf 87' lang='lat' dir='ltr'>cum</span> <span class='ocrx_word' id='word_1_177' title='bbox 2157 2111 2276 2178; x_wconf 90' lang='lat' dir='ltr'>hoc</span> <span class='ocrx_word' id='word_1_178' title='bbox 2323 2115 2382 2178; x_wconf 89' lang='lat' dir='ltr'>ei</span> <span class='ocrx_word' id='word_1_179' title='bbox 2438 2115 2712 2178; x_wconf 88' lang='lat' dir='ltr'>caelitus</span> 
     </span>
     <span class='ocr_line' id='line_1_26' title="bbox 454 2195 2709 2285; baseline 0 -21"><span class='ocrx_word' id='word_1_180' title='bbox 454 2197 594 2284; x_wconf 92' lang='lat' dir='ltr'>[per</span> <span class='ocrx_word' id='word_1_181' title='bbox 621 2195 1001 2285; x_wconf 89' lang='lat' dir='ltr'>columbam]</span> <span class='ocrx_word' id='word_1_182' title='bbox 1030 2198 1275 2262; x_wconf 90' lang='lat' dir='ltr'>iussum</span> <span class='ocrx_word' id='word_1_183' title='bbox 1304 2197 1473 2264; x_wconf 80' lang='lat' dir='ltr'>fuitf.</span> <span class='ocrx_word' id='word_1_184' title='bbox 1557 2197 1642 2262; x_wconf 89' lang='lat' dir='ltr'>Et</span> <span class='ocrx_word' id='word_1_185' title='bbox 1667 2197 1811 2262; x_wconf 71' lang='lat' dir='ltr'>hicss</span> <span class='ocrx_word' id='word_1_186' title='bbox 1839 2204 1981 2263; x_wconf 89' lang='lat' dir='ltr'>erat</span> <span class='ocrx_word' id='word_1_187' title='bbox 2011 2204 2230 2263; x_wconf 86' lang='lat' dir='ltr'>tantae</span> <span class='ocrx_word' id='word_1_188' title='bbox 2268 2199 2709 2282; x_wconf 85' lang='lat' dir='ltr'>longitudinis,</span> 
     </span>
     <span class='ocr_line' id='line_1_27' title="bbox 454 2282 2711 2372; baseline 0 -22"><span class='ocrx_word' id='word_1_189' title='bbox 454 2292 526 2350; x_wconf 92' lang='lat' dir='ltr'>ut</span> <span class='ocrx_word' id='word_1_190' title='bbox 568 2305 814 2362; x_wconf 84' lang='lat' dir='ltr'>omnes,</span> <span class='ocrx_word' id='word_1_191' title='bbox 871 2285 981 2367; x_wconf 88' lang='lat' dir='ltr'>qui</span> <span class='ocrx_word' id='word_1_192' title='bbox 1035 2283 1219 2349; x_wconf 76' lang='lat' dir='ltr'>eum¹¹</span> <span class='ocrx_word' id='word_1_193' title='bbox 1264 2282 1584 2362; x_wconf 84' lang='lat' dir='ltr'>viderant,</span> <span class='ocrx_word' id='word_1_194' title='bbox 1637 2284 1830 2348; x_wconf 90' lang='lat' dir='ltr'>nimis</span> <span class='ocrx_word' id='word_1_195' title='bbox 1897 2285 2413 2351; x_wconf 87' lang='lat' dir='ltr'>ammirarentur.</span> <span class='ocrx_word' id='word_1_196' title='bbox 2513 2283 2711 2372; x_wconf 68' lang='lat' dir='ltr'>[Ipse1</span> 
     </span>
     <span class='ocr_line' id='line_1_28' title="bbox 454 2369 2709 2454; baseline 0.001 -21"><span class='ocrx_word' id='word_1_197' title='bbox 454 2391 601 2435; x_wconf 89' lang='lat' dir='ltr'>vero</span> <span class='ocrx_word' id='word_1_198' title='bbox 643 2370 899 2435; x_wconf 87' lang='lat' dir='ltr'>rediens</span> <span class='ocrx_word' id='word_1_199' title='bbox 944 2370 1193 2435; x_wconf 88' lang='lat' dir='ltr'>cunctis</span> <span class='ocrx_word' id='word_1_200' title='bbox 1239 2369 1780 2454; x_wconf 86' lang='lat' dir='ltr'>interrogantibus</span> <span class='ocrx_word' id='word_1_201' title='bbox 1828 2369 2074 2446; x_wconf 86' lang='lat' dir='ltr'>indicat</span> <span class='ocrx_word' id='word_1_202' title='bbox 2118 2371 2299 2435; x_wconf 89' lang='lat' dir='ltr'>iussu</span> <span class='ocrx_word' id='word_1_203' title='bbox 2335 2375 2592 2448; x_wconf 85' lang='lat' dir='ltr'>cesaris,</span> <span class='ocrx_word' id='word_1_204' title='bbox 2638 2392 2709 2435; x_wconf 87' lang='lat' dir='ltr'>se</span> 
     </span>
     <span class='ocr_line' id='line_1_29' title="bbox 452 2455 2709 2541; baseline 0 -20"><span class='ocrx_word' id='word_1_205' title='bbox 452 2456 538 2521; x_wconf 89' lang='lat' dir='ltr'>ad</span> <span class='ocrx_word' id='word_1_206' title='bbox 593 2457 1000 2541; x_wconf 86' lang='lat' dir='ltr'>Aquasgrani</span> <span class='ocrx_word' id='word_1_207' title='bbox 1059 2461 1206 2539; x_wconf 89' lang='lat' dir='ltr'>post</span> <span class='ocrx_word' id='word_1_208' title='bbox 1258 2455 1733 2538; x_wconf 85' lang='lat' dir='ltr'>expedicionem</span> <span class='ocrx_word' id='word_1_209' title='bbox 1795 2463 2134 2521; x_wconf 86' lang='lat' dir='ltr'>venturum</span> <span class='ocrx_word' id='word_1_210' title='bbox 2204 2463 2270 2520; x_wconf 91' lang='lat' dir='ltr'>et</span> <span class='ocrx_word' id='word_1_211' title='bbox 2328 2477 2709 2539; x_wconf 88' lang='lat' dir='ltr'>responsum</span> 
     </span>
     <span class='ocr_line' id='line_1_30' title="bbox 453 2542 2711 2625; baseline 0.001 -18"><span class='ocrx_word' id='word_1_212' title='bbox 453 2544 537 2607; x_wconf 87' lang='lat' dir='ltr'>ab</span> <span class='ocrx_word' id='word_1_213' title='bbox 588 2565 663 2607; x_wconf 88' lang='lat' dir='ltr'>eo</span> <span class='ocrx_word' id='word_1_214' title='bbox 715 2543 952 2608; x_wconf 90' lang='lat' dir='ltr'>ibidem</span> <span class='ocrx_word' id='word_1_215' title='bbox 1006 2548 1435 2625; x_wconf 88' lang='lat' dir='ltr'>accepturum.</span> <span class='ocrx_word' id='word_1_216' title='bbox 1532 2543 1620 2607; x_wconf 87' lang='lat' dir='ltr'>Et</span> <span class='ocrx_word' id='word_1_217' title='bbox 1671 2542 1824 2625; x_wconf 89' lang='lat' dir='ltr'>quia</span> <span class='ocrx_word' id='word_1_218' title='bbox 1877 2542 2039 2607; x_wconf 90' lang='lat' dir='ltr'>hanc</span> <span class='ocrx_word' id='word_1_219' title='bbox 2087 2542 2597 2609; x_wconf 87' lang='lat' dir='ltr'>admonicionem</span> <span class='ocrx_word' id='word_1_220' title='bbox 2643 2550 2711 2609; x_wconf 87' lang='lat' dir='ltr'>et</span> 
     </span>
     <span class='ocr_line' id='line_1_31' title="bbox 452 2626 2708 2716; baseline -0.001 -22"><span class='ocrx_word' id='word_1_221' title='bbox 452 2629 677 2695; x_wconf 86' lang='lat' dir='ltr'>crebro</span> <span class='ocrx_word' id='word_1_222' title='bbox 697 2629 887 2693; x_wconf 87' lang='lat' dir='ltr'>aliam</span> <span class='ocrx_word' id='word_1_223' title='bbox 906 2628 1438 2693; x_wconf 89' lang='lat' dir='ltr'>innumerabilem</span> <span class='ocrx_word' id='word_1_224' title='bbox 1457 2629 1786 2712; x_wconf 88' lang='lat' dir='ltr'>inperator</span> <span class='ocrx_word' id='word_1_225' title='bbox 1804 2629 2060 2710; x_wconf 82' lang='lat' dir='ltr'>sprevit,</span> <span class='ocrx_word' id='word_1_226' title='bbox 2087 2628 2433 2693; x_wconf 88' lang='lat' dir='ltr'>vindictam</span> <span class='ocrx_word' id='word_1_227' title='bbox 2463 2626 2708 2716; x_wconf 89' lang='lat' dir='ltr'>sensit.]</span> 
     </span>
    </p>

    <p class='ocr_par' dir='ltr' id='par_1_9' title="bbox 452 2712 2709 3656">
     <span class='ocr_line' id='line_1_32' title="bbox 630 2712 2705 2799; baseline -0.001 -17"><span class='ocrx_word' id='word_1_228' title='bbox 630 2716 728 2782; x_wconf 89' lang='grc'>16.</span> <span class='ocrx_word' id='word_1_229' title='bbox 800 2715 872 2778; x_wconf 91' lang='lat' dir='ltr'>ln</span> <span class='ocrx_word' id='word_1_230' title='bbox 926 2715 1269 2779; x_wconf 84' lang='lat' dir='ltr'>nativitate</span> <span class='ocrx_word' id='word_1_231' title='bbox 1324 2716 1530 2779; x_wconf 87' lang='lat' dir='ltr'>sancti</span> <span class='ocrx_word' id='word_1_232' title='bbox 1580 2714 1878 2777; x_wconf 85' lang='lat' dir='ltr'>Iohannis</span> <span class='ocrx_word' id='word_1_233' title='bbox 1929 2712 2280 2799; x_wconf 85' lang='lat' dir='ltr'>baptistae,</span> <span class='ocrx_word' id='word_1_234' title='bbox 2338 2736 2503 2798; x_wconf 89' lang='lat' dir='ltr'>quae</span> <span class='ocrx_word' id='word_1_235' title='bbox 2553 2721 2705 2779; x_wconf 91' lang='lat' dir='ltr'>tunc</span> 
     </span>
     <span class='ocr_line' id='line_1_33' title="bbox 452 2799 2707 2885; baseline -0 -20"><span class='ocrx_word' id='word_1_236' title='bbox 452 2802 745 2884; x_wconf 89' lang='lat' dir='ltr'>proxima</span> <span class='ocrx_word' id='word_1_237' title='bbox 772 2806 931 2878; x_wconf 86' lang='lat' dir='ltr'>erat,</span> <span class='ocrx_word' id='word_1_238' title='bbox 968 2800 1052 2863; x_wconf 91' lang='lat' dir='ltr'>ad</span> <span class='ocrx_word' id='word_1_239' title='bbox 1092 2800 1342 2865; x_wconf 88' lang='lat' dir='ltr'>Gosleri</span> <span class='ocrx_word' id='word_1_240' title='bbox 1378 2822 1560 2865; x_wconf 88' lang='lat' dir='ltr'>cesar</span> <span class='ocrx_word' id='word_1_241' title='bbox 1597 2800 1855 2863; x_wconf 88' lang='lat' dir='ltr'>veniens</span> <span class='ocrx_word' id='word_1_242' title='bbox 1892 2800 2156 2864; x_wconf 88' lang='lat' dir='ltr'>Ernasti</span> <span class='ocrx_word' id='word_1_243' title='bbox 2190 2799 2492 2865; x_wconf 87' lang='lat' dir='ltr'>ducatum</span> <span class='ocrx_word' id='word_1_244' title='bbox 2531 2802 2707 2885; x_wconf 84' lang='lat' dir='ltr'>nepti</span> 
     </span>
     <span class='ocr_line' id='line_1_34' title="bbox 455 2884 2706 2969; baseline -0 -18"><span class='ocrx_word' id='word_1_245' title='bbox 455 2886 655 2951; x_wconf 76' lang='lat' dir='ltr'>suae-&#39;3</span> <span class='ocrx_word' id='word_1_246' title='bbox 682 2895 745 2952; x_wconf 89' lang='lat' dir='ltr'>et</span> <span class='ocrx_word' id='word_1_247' title='bbox 780 2885 913 2953; x_wconf 92' lang='lat' dir='ltr'>filio</span> <span class='ocrx_word' id='word_1_248' title='bbox 942 2884 1127 2951; x_wconf 79' lang='lat' dir='ltr'>eius4</span> <span class='ocrx_word' id='word_1_249' title='bbox 1154 2886 1355 2964; x_wconf 83' lang='lat' dir='ltr'>dedit3</span> <span class='ocrx_word' id='word_1_250' title='bbox 1395 2892 1460 2951; x_wconf 91' lang='lat' dir='ltr'>et</span> <span class='ocrx_word' id='word_1_251' title='bbox 1498 2885 1646 2949; x_wconf 92' lang='lat' dir='ltr'>inde</span> <span class='ocrx_word' id='word_1_252' title='bbox 1683 2886 1768 2949; x_wconf 92' lang='lat' dir='ltr'>ad</span> <span class='ocrx_word' id='word_1_253' title='bbox 1797 2884 2266 2969; x_wconf 80' lang='lat' dir='ltr'>Magatha&#39;burg</span> <span class='ocrx_word' id='word_1_254' title='bbox 2297 2884 2706 2968; x_wconf 85' lang='lat' dir='ltr'>proficiscens</span> 
     </span>
     <span class='ocr_line' id='line_1_35' title="bbox 453 2970 2707 3053; baseline -0 -16"><span class='ocrx_word' id='word_1_255' title='bbox 453 2974 877 3039; x_wconf 83' lang='lat' dir='ltr'>interventum</span> <span class='ocrx_word' id='word_1_256' title='bbox 930 2972 1122 3037; x_wconf 88' lang='lat' dir='ltr'>Cristi</span> <span class='ocrx_word' id='word_1_257' title='bbox 1176 2972 1398 3037; x_wconf 88' lang='lat' dir='ltr'>militis</span> <span class='ocrx_word' id='word_1_258' title='bbox 1450 2972 1748 3036; x_wconf 88' lang='lat' dir='ltr'>Mauricii</span> <span class='ocrx_word' id='word_1_259' title='bbox 1801 2970 1885 3035; x_wconf 90' lang='lat' dir='ltr'>ad</span> <span class='ocrx_word' id='word_1_260' title='bbox 1943 2972 2449 3053; x_wconf 87' lang='lat' dir='ltr'>exsuperandam</span> <span class='ocrx_word' id='word_1_261' title='bbox 2499 2972 2707 3037; x_wconf 89' lang='lat' dir='ltr'>hostis</span> 
     </span>
     <span class='ocr_line' id='line_1_36' title="bbox 453 3057 2705 3141; baseline -0 -18"><span class='ocrx_word' id='word_1_262' title='bbox 453 3059 760 3123; x_wconf 88' lang='lat' dir='ltr'>Bolizlavi</span> <span class='ocrx_word' id='word_1_263' title='bbox 804 3058 1269 3123; x_wconf 85' lang='lat' dir='ltr'>contumatiam</span> <span class='ocrx_word' id='word_1_264' title='bbox 1306 3057 1684 3141; x_wconf 88' lang='lat' dir='ltr'>suppliciter</span> <span class='ocrx_word' id='word_1_265' title='bbox 1717 3057 1981 3140; x_wconf 84' lang='lat' dir='ltr'>rogavit.</span> <span class='ocrx_word' id='word_1_266' title='bbox 2072 3058 2320 3122; x_wconf 90' lang='lat' dir='ltr'>Dehinc</span> <span class='ocrx_word' id='word_1_267' title='bbox 2355 3058 2439 3122; x_wconf 90' lang='lat' dir='ltr'>ad</span> <span class='ocrx_word' id='word_1_268' title='bbox 2474 3058 2705 3129; x_wconf 78' lang='lat' dir='ltr'>locum,</span> 
     </span>
     <span class='ocr_line' id='line_1_37' title="bbox 454 3140 2709 3229; baseline 0 -21"><span class='ocrx_word' id='word_1_269' title='bbox 454 3145 567 3227; x_wconf 88' lang='lat' dir='ltr'>qui</span> <span class='ocrx_word' id='word_1_270' title='bbox 612 3144 1082 3229; x_wconf 85' lang='lat' dir='ltr'>Sclancisvordi</span> <span class='ocrx_word' id='word_1_271' title='bbox 1125 3144 1463 3221; x_wconf 85' lang='lat' dir='ltr'>vocatur5‚</span> <span class='ocrx_word' id='word_1_272' title='bbox 1510 3163 1657 3207; x_wconf 93' lang='lat' dir='ltr'>cum</span> <span class='ocrx_word' id='word_1_273' title='bbox 1702 3144 2003 3208; x_wconf 83' lang='lat' dir='ltr'>exercitu</span> <span class='ocrx_word' id='word_1_274' title='bbox 2030 3140 2380 3226; x_wconf 84' lang='lat' dir='ltr'>glomerato</span> <span class='ocrx_word' id='word_1_275' title='bbox 2424 3144 2709 3227; x_wconf 82' lang='lat' dir='ltr'>perrexit</span> 
     </span>
     <span class='ocr_line' id='line_1_38' title="bbox 454 3228 2708 3313; baseline -0.001 -18"><span class='ocrx_word' id='word_1_276' title='bbox 454 3238 519 3295; x_wconf 89' lang='lat' dir='ltr'>et</span> <span class='ocrx_word' id='word_1_277' title='bbox 574 3251 873 3313; x_wconf 91' lang='lat' dir='ltr'>magnum</span> <span class='ocrx_word' id='word_1_278' title='bbox 932 3228 1573 3311; x_wconf 86' lang='lat' dir='ltr'>comprovincialibus</span> <span class='ocrx_word' id='word_1_279' title='bbox 1631 3239 1695 3291; x_wconf 90' lang='lat' dir='ltr'>et</span> <span class='ocrx_word' id='word_1_280' title='bbox 1747 3229 2103 3293; x_wconf 85' lang='lat' dir='ltr'>marchioni</span> <span class='ocrx_word' id='word_1_281' title='bbox 2160 3250 2378 3295; x_wconf 90' lang='lat' dir='ltr'>eorum</span> <span class='ocrx_word' id='word_1_282' title='bbox 2435 3229 2708 3295; x_wconf 86' lang='lat' dir='ltr'>*Geroni</span> 
     </span>
     <span class='ocr_line' id='line_1_39' title="bbox 453 3312 2707 3403; baseline 0 -24"><span class='ocrx_word' id='word_1_283' title='bbox 453 3316 673 3381; x_wconf 87' lang='lat' dir='ltr'>intulit</span> <span class='ocrx_word' id='word_1_284' title='bbox 728 3312 1139 3403; x_wconf 67' lang='lat' dir='ltr'>[damnumk]⁸</span> <span class='ocrx_word' id='word_1_285' title='bbox 1227 3314 1404 3379; x_wconf 85' lang='lat' dir='ltr'><strong>VIII.</strong></span> <span class='ocrx_word' id='word_1_286' title='bbox 1442 3313 1537 3380; x_wconf 90' lang='lat' dir='ltr'>Id.</span> <span class='ocrx_word' id='word_1_287' title='bbox 1577 3314 1726 3379; x_wconf 93' lang='lat' dir='ltr'>Iulii</span> <span class='ocrx_word' id='word_1_288' title='bbox 1783 3314 1857 3378; x_wconf 90' lang='lat' dir='ltr'>fit</span> <span class='ocrx_word' id='word_1_289' title='bbox 1907 3323 2132 3380; x_wconf 87' lang='lat' dir='ltr'>nostra</span> <span class='ocrx_word' id='word_1_290' title='bbox 2187 3317 2589 3397; x_wconf 88' lang='lat' dir='ltr'>congregatio</span> <span class='ocrx_word' id='word_1_291' title='bbox 2643 3322 2707 3379; x_wconf 89' lang='lat' dir='ltr'>et</span> 
     </span>
     <span class='ocr_line' id='line_1_40' title="bbox 452 3399 2704 3484; baseline 0 -18"><span class='ocrx_word' id='word_1_292' title='bbox 452 3404 569 3484; x_wconf 89' lang='lat' dir='ltr'>pro</span> <span class='ocrx_word' id='word_1_293' title='bbox 631 3401 1002 3467; x_wconf 86' lang='lat' dir='ltr'>defensione</span> <span class='ocrx_word' id='word_1_294' title='bbox 1064 3400 1284 3465; x_wconf 88' lang='lat' dir='ltr'>debita</span> <span class='ocrx_word' id='word_1_295' title='bbox 1354 3399 1826 3467; x_wconf 87' lang='lat' dir='ltr'>habitatoribus</span> <span class='ocrx_word' id='word_1_296' title='bbox 1885 3400 2038 3465; x_wconf 88' lang='lat' dir='ltr'>hiisl</span> <span class='ocrx_word' id='word_1_297' title='bbox 2097 3401 2391 3483; x_wconf 85' lang='lat' dir='ltr'>predatio</span> <span class='ocrx_word' id='word_1_298' title='bbox 2452 3422 2704 3483; x_wconf 89' lang='lat' dir='ltr'>magna.</span> 
     </span>
     <span class='ocr_line' id='line_1_41' title="bbox 452 3486 2707 3573; baseline -0 -21"><span class='ocrx_word' id='word_1_299' title='bbox 452 3488 801 3571; x_wconf 88' lang='lat' dir='ltr'>Postquam</span> <span class='ocrx_word' id='word_1_300' title='bbox 856 3490 1059 3553; x_wconf 89' lang='lat' dir='ltr'>nostri</span> <span class='ocrx_word' id='word_1_301' title='bbox 1112 3486 1323 3551; x_wconf 90' lang='lat' dir='ltr'>Albim</span> <span class='ocrx_word' id='word_1_302' title='bbox 1377 3486 1805 3564; x_wconf 82' lang='lat' dir='ltr'>transierunt,</span> <span class='ocrx_word' id='word_1_303' title='bbox 1859 3486 2218 3573; x_wconf 87' lang='lat' dir='ltr'>inperatrix</span> <span class='ocrx_word' id='word_1_304' title='bbox 2271 3494 2337 3551; x_wconf 88' lang='lat' dir='ltr'>et</span> <span class='ocrx_word' id='word_1_305' title='bbox 2390 3503 2505 3570; x_wconf 87' lang='lat' dir='ltr'>ego</span> <span class='ocrx_word' id='word_1_306' title='bbox 2558 3508 2707 3551; x_wconf 90' lang='lat' dir='ltr'>cum</span> 
     </span>
     <span class='ocr_line' id='line_1_42' title="bbox 452 3571 2707 3656; baseline 0 -19"><span class='ocrx_word' id='word_1_307' title='bbox 452 3574 568 3637; x_wconf 89' lang='lat' dir='ltr'>illa</span> <span class='ocrx_word' id='word_1_308' title='bbox 613 3573 695 3637; x_wconf 90' lang='lat' dir='ltr'>ad</span> <span class='ocrx_word' id='word_1_309' title='bbox 734 3574 1071 3656; x_wconf 87' lang='lat' dir='ltr'>Mersburg</span> <span class='ocrx_word' id='word_1_310' title='bbox 1114 3578 1453 3655; x_wconf 85' lang='lat' dir='ltr'>pergentes</span> <span class='ocrx_word' id='word_1_311' title='bbox 1498 3573 1737 3637; x_wconf 88' lang='lat' dir='ltr'>cesaris</span> <span class='ocrx_word' id='word_1_312' title='bbox 1785 3571 2130 3637; x_wconf 88' lang='lat' dir='ltr'>adventum</span> <span class='ocrx_word' id='word_1_313' title='bbox 2175 3573 2240 3637; x_wconf 89' lang='lat' dir='ltr'>in</span> <span class='ocrx_word' id='word_1_314' title='bbox 2277 3572 2378 3647; x_wconf 83' lang='lat' dir='ltr'>his</span> <span class='ocrx_word' id='word_1_315' title='bbox 2415 3572 2707 3656; x_wconf 86' lang='lat' dir='ltr'>partibus</span> 
     </span>
    </p>
   </div>
   <div class='ocr_carea' id='block_1_8' title="bbox 452 3710 2708 3873">
    <p class='ocr_par' dir='ltr' id='par_1_10' title="bbox 452 3710 2708 3873">
     <span class='ocr_line' id='line_1_43' title="bbox 453 3710 2708 3768; baseline 0 -18"><span class='ocrx_word' id='word_1_316' title='bbox 453 3710 497 3762; x_wconf 79' lang='lat' dir='ltr'>a)</span> <span class='ocrx_word' id='word_1_317' title='bbox 525 3713 693 3768; x_wconf 63' lang='lat' dir='ltr'>cgleste</span> <span class='ocrx_word' id='word_1_318' title='bbox 721 3714 775 3752; x_wconf 91' lang='lat' dir='ltr'>B.</span> <span class='ocrx_word' id='word_1_319' title='bbox 894 3711 941 3763; x_wconf 88' lang='lat' dir='ltr'>b)</span> <span class='ocrx_word' id='word_1_320' title='bbox 966 3710 1207 3756; x_wconf 71' lang='lat' dir='ltr'>antitodum</span> <span class='ocrx_word' id='word_1_321' title='bbox 1235 3713 1275 3750; x_wconf 86' lang='lat'>1.</span> <span class='ocrx_word' id='word_1_322' title='bbox 1393 3710 1435 3759; x_wconf 83' lang='lat' dir='ltr'>e)</span> <span class='ocrx_word' id='word_1_323' title='bbox 1470 3712 1933 3758; x_wconf 62' lang='lat' dir='ltr'>supramemoratorum</span> <span class='ocrx_word' id='word_1_324' title='bbox 1961 3710 2014 3761; x_wconf 90' lang='lat' dir='ltr'>B,</span> <span class='ocrx_word' id='word_1_325' title='bbox 2041 3720 2149 3750; x_wconf 83' lang='lat' dir='ltr'>corr.</span> <span class='ocrx_word' id='word_1_326' title='bbox 2173 3711 2222 3749; x_wconf 86' lang='lat' dir='ltr'>T.</span> <span class='ocrx_word' id='word_1_327' title='bbox 2334 3710 2379 3760; x_wconf 85' lang='lat' dir='ltr'>d)</span> <span class='ocrx_word' id='word_1_328' title='bbox 2413 3710 2528 3750; x_wconf 86' lang='lat' dir='ltr'>nulli</span> <span class='ocrx_word' id='word_1_329' title='bbox 2553 3710 2641 3750; x_wconf 77' lang='lat' dir='ltr'>nisi</span> <span class='ocrx_word' id='word_1_330' title='bbox 2663 3712 2708 3750; x_wconf 79' lang='lat' dir='ltr'>ei</span> 
     </span>
     <span class='ocr_line' id='line_1_44' title="bbox 452 3760 2706 3813; baseline 0 -10"><span class='ocrx_word' id='word_1_331' title='bbox 452 3763 641 3803; x_wconf 73' lang='lat' dir='ltr'>radendo</span> <span class='ocrx_word' id='word_1_332' title='bbox 666 3766 773 3813; x_wconf 70' lang='grc' dir='ltr'><strong>αἶρε.</strong></span> <span class='ocrx_word' id='word_1_333' title='bbox 802 3774 909 3806; x_wconf 81' lang='lat' dir='ltr'>corr.</span> <span class='ocrx_word' id='word_1_334' title='bbox 940 3768 979 3803; x_wconf 85' lang='lat'>1.</span> <span class='ocrx_word' id='word_1_335' title='bbox 1112 3762 1156 3813; x_wconf 81' lang='lat' dir='ltr'>e)</span> <span class='ocrx_word' id='word_1_336' title='bbox 1190 3762 1417 3801; x_wconf 79' lang='lat' dir='ltr'>stimulum</span> <span class='ocrx_word' id='word_1_337' title='bbox 1436 3783 1487 3793; x_wconf 87' lang='lat'>—·-</span> <span class='ocrx_word' id='word_1_338' title='bbox 1506 3762 1694 3801; x_wconf 76' lang='lat' dir='ltr'>minauit</span> <span class='ocrx_word' id='word_1_339' title='bbox 1727 3762 1772 3801; x_wconf 75' lang='grc' dir='ltr'>ἰπ</span> <span class='ocrx_word' id='word_1_340' title='bbox 1799 3764 1884 3801; x_wconf 85' lang='lat' dir='ltr'>loco</span> <span class='ocrx_word' id='word_1_341' title='bbox 1910 3772 2007 3801; x_wconf 67' lang='lat' dir='ltr'>raso</span> <span class='ocrx_word' id='word_1_342' title='bbox 2039 3763 2086 3802; x_wconf 84' lang='grc' dir='ltr'>Τ.</span> <span class='ocrx_word' id='word_1_343' title='bbox 2225 3762 2264 3811; x_wconf 82' lang='lat' dir='ltr'>f)</span> <span class='ocrx_word' id='word_1_344' title='bbox 2297 3762 2396 3803; x_wconf 81' lang='lat' dir='ltr'>fuer</span> <span class='ocrx_word' id='word_1_345' title='bbox 2422 3774 2528 3802; x_wconf 80' lang='lat' dir='ltr'>corr.</span> <span class='ocrx_word' id='word_1_346' title='bbox 2557 3760 2642 3802; x_wconf 82' lang='lat' dir='ltr'>fuit</span> <span class='ocrx_word' id='word_1_347' title='bbox 2666 3765 2706 3803; x_wconf 87' lang='lat'>1.</span> 
     </span>
     <span class='ocr_line' id='line_1_45' title="bbox 452 3813 2707 3873; baseline -0.001 -18"><span class='ocrx_word' id='word_1_348' title='bbox 452 3818 497 3865; x_wconf 80' lang='lat' dir='ltr'>g)</span> <span class='ocrx_word' id='word_1_349' title='bbox 524 3816 607 3873; x_wconf 67' lang='lat' dir='ltr'>hgc</span> <span class='ocrx_word' id='word_1_350' title='bbox 633 3817 687 3856; x_wconf 89' lang='lat' dir='ltr'>B.</span> <span class='ocrx_word' id='word_1_351' title='bbox 794 3815 844 3866; x_wconf 86' lang='lat' dir='ltr'>h)</span> <span class='ocrx_word' id='word_1_352' title='bbox 872 3826 968 3856; x_wconf 79' lang='lat' dir='ltr'>eam</span> <span class='ocrx_word' id='word_1_353' title='bbox 994 3817 1049 3855; x_wconf 89' lang='lat' dir='ltr'>B.</span> <span class='ocrx_word' id='word_1_354' title='bbox 1152 3813 1187 3866; x_wconf 81' lang='lat'>1)</span> <span class='ocrx_word' id='word_1_355' title='bbox 1213 3815 1313 3864; x_wconf 79' lang='lat' dir='ltr'>lpse</span> <span class='ocrx_word' id='word_1_356' title='bbox 1335 3835 1383 3845; x_wconf 93' lang='lat'>--</span> <span class='ocrx_word' id='word_1_357' title='bbox 1404 3814 1543 3853; x_wconf 83' lang='lat' dir='ltr'>sensit</span> <span class='ocrx_word' id='word_1_358' title='bbox 1576 3814 1614 3852; x_wconf 82' lang='grc' dir='ltr'><strong><em>Τ</em></strong></span> <span class='ocrx_word' id='word_1_359' title='bbox 1637 3814 1684 3852; x_wconf 77' lang='lat' dir='ltr'>in</span> <span class='ocrx_word' id='word_1_360' title='bbox 1709 3815 1796 3851; x_wconf 83' lang='lat' dir='ltr'>loeo</span> <span class='ocrx_word' id='word_1_361' title='bbox 1821 3824 1966 3853; x_wconf 82' lang='lat' dir='ltr'>vacuo.</span> <span class='ocrx_word' id='word_1_362' title='bbox 2073 3813 2120 3863; x_wconf 81' lang='lat' dir='ltr'>k)</span> <span class='ocrx_word' id='word_1_363' title='bbox 2148 3814 2261 3853; x_wconf 70' lang='lat' dir='ltr'>deest</span> <span class='ocrx_word' id='word_1_364' title='bbox 2285 3816 2326 3854; x_wconf 87' lang='lat'>1.</span> <span class='ocrx_word' id='word_1_365' title='bbox 2431 3813 2465 3864; x_wconf 92' lang='lat'>1)</span> <span class='ocrx_word' id='word_1_366' title='bbox 2491 3816 2666 3853; x_wconf 79' lang='lat' dir='ltr'>alterum</span> <span class='ocrx_word' id='word_1_367' title='bbox 2690 3816 2707 3853; x_wconf 85' lang='lat' dir='ltr'>i</span> 
     </span>
    </p>
   </div>
   <div class='ocr_carea' id='block_1_9' title="bbox 452 3868 626 3907">
    <p class='ocr_par' dir='ltr' id='par_1_11' title="bbox 452 3868 626 3907">
     <span class='ocr_line' id='line_1_46' title="bbox 452 3868 626 3907; baseline 0 0"><span class='ocrx_word' id='word_1_368' title='bbox 452 3868 555 3907; x_wconf 84' lang='lat' dir='ltr'>add.</span> <span class='ocrx_word' id='word_1_369' title='bbox 578 3868 626 3907; x_wconf 85' lang='grc' dir='ltr'>Τ.</span> 
     </span>
    </p>
   </div>
   <div class='ocr_carea' id='block_1_10' title="bbox 449 3968 2709 4520">
    <p class='ocr_par' dir='ltr' id='par_1_12' title="bbox 449 3968 2709 4520">
     <span class='ocr_line' id='line_1_47' title="bbox 456 3968 2706 4035; baseline -0.001 -10"><span class='ocrx_word' id='word_1_370' title='bbox 456 3972 507 4035; x_wconf 91' lang='grc'><strong>1)</strong></span> <span class='ocrx_word' id='word_1_371' title='bbox 546 3971 759 4025; x_wconf 79' lang='lat' dir='ltr'>Necrol.</span> <span class='ocrx_word' id='word_1_372' title='bbox 800 3972 874 4024; x_wconf 87' lang='lat' dir='ltr'><em>M</em></span> <span class='ocrx_word' id='word_1_373' title='bbox 871 3970 1032 4023; x_wconf 79' lang='lat' dir='ltr'>erseb.</span> <span class='ocrx_word' id='word_1_374' title='bbox 1198 3968 1253 4032; x_wconf 76' lang='lat'>2)</span> <span class='ocrx_word' id='word_1_375' title='bbox 1308 3969 1672 4035; x_wconf 59' lang='lat' dir='ltr'>Kaufunyen.</span> <span class='ocrx_word' id='word_1_376' title='bbox 1845 3968 1900 4034; x_wconf 85' lang='lat'>3)</span> <span class='ocrx_word' id='word_1_377' title='bbox 1953 3968 2170 4025; x_wconf 76' lang='lat' dir='ltr'>Giselae</span> <span class='ocrx_word' id='word_1_378' title='bbox 2217 3970 2446 4025; x_wconf 77' lang='lat' dir='ltr'>Ernesti</span> <span class='ocrx_word' id='word_1_379' title='bbox 2488 3970 2706 4035; x_wconf 65' lang='lat' dir='ltr'>viduae,</span> 
     </span>
     <span class='ocr_line' id='line_1_48' title="bbox 454 4036 2709 4107; baseline -0.002 -12"><span class='ocrx_word' id='word_1_380' title='bbox 454 4036 614 4095; x_wconf 63' lang='lat' dir='ltr'>cuius</span> <span class='ocrx_word' id='word_1_381' title='bbox 666 4047 837 4095; x_wconf 83' lang='lat' dir='ltr'>mater</span> <span class='ocrx_word' id='word_1_382' title='bbox 872 4038 1167 4104; x_wconf 51' lang='lat' dir='ltr'>amoma,</span> <span class='ocrx_word' id='word_1_383' title='bbox 1219 4037 1481 4091; x_wconf 77' lang='lat' dir='ltr'>Konradi</span> <span class='ocrx_word' id='word_1_384' title='bbox 1530 4036 1984 4105; x_wconf 73' lang='lat' dir='ltr'>Burqundiorum</span> <span class='ocrx_word' id='word_1_385' title='bbox 2043 4039 2190 4107; x_wconf 72' lang='lat' dir='ltr'>reqis</span> <span class='ocrx_word' id='word_1_386' title='bbox 2227 4039 2371 4106; x_wconf 79' lang='lat' dir='ltr'>filia,</span> <span class='ocrx_word' id='word_1_387' title='bbox 2420 4044 2709 4093; x_wconf 77' lang='lat' dir='ltr'>matertera</span> 
     </span>
     <span class='ocr_line' id='line_1_49' title="bbox 454 4105 2708 4176; baseline -0.002 -13"><span class='ocrx_word' id='word_1_388' title='bbox 454 4110 710 4163; x_wconf 80' lang='lat' dir='ltr'>Heinrici</span> <span class='ocrx_word' id='word_1_389' title='bbox 731 4108 939 4176; x_wconf 80' lang='lat' dir='ltr'>fuerat.</span> <span class='ocrx_word' id='word_1_390' title='bbox 1102 4106 1158 4171; x_wconf 84' lang='lat'>4)</span> <span class='ocrx_word' id='word_1_391' title='bbox 1212 4106 1449 4161; x_wconf 80' lang='lat' dir='ltr'>Ernesto</span> <span class='ocrx_word' id='word_1_392' title='bbox 1474 4108 1561 4163; x_wconf 91' lang='lat' dir='ltr'>II.</span> <span class='ocrx_word' id='word_1_393' title='bbox 1601 4106 2026 4171; x_wconf 81' lang='lat'>(10-15—1030).</span> <span class='ocrx_word' id='word_1_394' title='bbox 2188 4108 2242 4169; x_wconf 82' lang='grc'>5)</span> <span class='ocrx_word' id='word_1_395' title='bbox 2296 4105 2508 4161; x_wconf 79' lang='lat' dir='ltr'>Nomen</span> <span class='ocrx_word' id='word_1_396' title='bbox 2543 4106 2708 4160; x_wconf 78' lang='lat' dir='ltr'>huius</span> 
     </span>
     <span class='ocr_line' id='line_1_50' title="bbox 453 4174 2708 4245; baseline -0.002 -14"><span class='ocrx_word' id='word_1_397' title='bbox 453 4179 573 4244; x_wconf 80' lang='lat' dir='ltr'>loci,</span> <span class='ocrx_word' id='word_1_398' title='bbox 600 4179 653 4231; x_wconf 81' lang='lat' dir='ltr'>si</span> <span class='ocrx_word' id='word_1_399' title='bbox 674 4178 835 4231; x_wconf 80' lang='lat' dir='ltr'>hodie</span> <span class='ocrx_word' id='word_1_400' title='bbox 860 4182 1113 4241; x_wconf 64' lang='lat' dir='ltr'>astaret,</span> <span class='ocrx_word' id='word_1_401' title='bbox 1142 4175 1298 4229; x_wconf 70' lang='lat' dir='ltr'>aliud</span> <span class='ocrx_word' id='word_1_402' title='bbox 1323 4192 1441 4230; x_wconf 77' lang='lat' dir='ltr'>esse</span> <span class='ocrx_word' id='word_1_403' title='bbox 1464 4192 1576 4229; x_wconf 76' lang='lat' dir='ltr'>non</span> <span class='ocrx_word' id='word_1_404' title='bbox 1595 4182 1781 4243; x_wconf 78' lang='lat' dir='ltr'>posset</span> <span class='ocrx_word' id='word_1_405' title='bbox 1804 4182 1962 4244; x_wconf 79' lang='lat' dir='ltr'>atque</span> <span class='ocrx_word' id='word_1_406' title='bbox 1979 4175 2340 4239; x_wconf 86' lang='lat' dir='ltr'>Schlenzfurt;</span> <span class='ocrx_word' id='word_1_407' title='bbox 2358 4174 2708 4245; x_wconf 17' lang='lat' dir='ltr'>*quaerendus</span> 
     </span>
     <span class='ocr_line' id='line_1_51' title="bbox 454 4243 2708 4314; baseline -0.001 -15"><span class='ocrx_word' id='word_1_408' title='bbox 454 4254 532 4300; x_wconf 80' lang='lat' dir='ltr'>est</span> <span class='ocrx_word' id='word_1_409' title='bbox 574 4248 723 4300; x_wconf 80' lang='lat' dir='ltr'>locus</span> <span class='ocrx_word' id='word_1_410' title='bbox 766 4248 827 4299; x_wconf 84' lang='lat' dir='ltr'>in</span> <span class='ocrx_word' id='word_1_411' title='bbox 872 4245 1097 4299; x_wconf 74' lang='lat' dir='ltr'>sinistra</span> <span class='ocrx_word' id='word_1_412' title='bbox 1132 4248 1295 4311; x_wconf 75' lang='lat' dir='ltr'>parte</span> <span class='ocrx_word' id='word_1_413' title='bbox 1340 4245 1499 4299; x_wconf 80' lang='lat' dir='ltr'>Albis</span> <span class='ocrx_word' id='word_1_414' title='bbox 1550 4246 1692 4299; x_wconf 77' lang='lat' dir='ltr'>inter</span> <span class='ocrx_word' id='word_1_415' title='bbox 1734 4246 1906 4300; x_wconf 80' lang='lat' dir='ltr'>Riesa</span> <span class='ocrx_word' id='word_1_416' title='bbox 1947 4252 1999 4300; x_wconf 81' lang='lat' dir='ltr'>et</span> <span class='ocrx_word' id='word_1_417' title='bbox 2059 4246 2388 4313; x_wconf 71' lang='lat' dir='ltr'>Wittenbery</span> <span class='ocrx_word' id='word_1_418' title='bbox 2402 4264 2420 4297; x_wconf 89' lang='lat'>.·</span> <span class='ocrx_word' id='word_1_419' title='bbox 2443 4310 2446 4314; x_wconf 18' lang='lat'>¹</span> <span class='ocrx_word' id='word_1_420' title='bbox 2463 4243 2708 4311; x_wconf 78' lang='lat' dir='ltr'>fortasse</span> 
     </span>
     <span class='ocr_line' id='line_1_52' title="bbox 451 4310 2708 4381; baseline -0.001 -14"><span class='ocrx_word' id='word_1_421' title='bbox 451 4316 589 4381; x_wconf 83' lang='lat' dir='ltr'>illic,</span> <span class='ocrx_word' id='word_1_422' title='bbox 648 4316 745 4367; x_wconf 81' lang='lat' dir='ltr'>ubi</span> <span class='ocrx_word' id='word_1_423' title='bbox 788 4314 945 4367; x_wconf 80' lang='lat' dir='ltr'>hodie</span> <span class='ocrx_word' id='word_1_424' title='bbox 990 4310 1100 4366; x_wconf 83' lang='lat' dir='ltr'>‘die</span> <span class='ocrx_word' id='word_1_425' title='bbox 1147 4314 1492 4367; x_wconf 66' lang='lat' dir='ltr'>,F&#39;m‘tmu‘lhle’</span> <span class='ocrx_word' id='word_1_426' title='bbox 1547 4314 1692 4368; x_wconf 84' lang='lat' dir='ltr'>iacet</span> <span class='ocrx_word' id='word_1_427' title='bbox 1736 4315 1814 4368; x_wconf 81' lang='lat' dir='ltr'>ad</span> <span class='ocrx_word' id='word_1_428' title='bbox 1855 4315 2033 4367; x_wconf 79' lang='lat' dir='ltr'>rivum</span> <span class='ocrx_word' id='word_1_429' title='bbox 2080 4314 2348 4381; x_wconf 78' lang='lat' dir='ltr'>quendam</span> <span class='ocrx_word' id='word_1_430' title='bbox 2395 4315 2456 4367; x_wconf 75' lang='lat' dir='ltr'>in</span> <span class='ocrx_word' id='word_1_431' title='bbox 2503 4312 2708 4367; x_wconf 78' lang='lat' dir='ltr'>chartis</span> 
     </span>
     <span class='ocr_line' id='line_1_53' title="bbox 449 4381 2705 4451; baseline -0.003 -14"><span class='ocrx_word' id='word_1_432' title='bbox 449 4384 825 4451; x_wconf 72' lang='lat' dir='ltr'>yeoqraphicis</span> <span class='ocrx_word' id='word_1_433' title='bbox 860 4382 1255 4449; x_wconf 78' lang='lat' dir='ltr'>antiquioribus</span> <span class='ocrx_word' id='word_1_434' title='bbox 1291 4383 1447 4436; x_wconf 82' lang='lat' dir='ltr'>modo</span> <span class='ocrx_word' id='word_1_435' title='bbox 1474 4382 1799 4436; x_wconf 73' lang='lat' dir='ltr'>Grenzbach</span> <span class='ocrx_word' id='word_1_436' title='bbox 1833 4382 1988 4435; x_wconf 83' lang='lat' dir='ltr'>modo</span> <span class='ocrx_word' id='word_1_437' title='bbox 2015 4381 2408 4437; x_wconf 75' lang='lat' dir='ltr'>Schleussbach</span> <span class='ocrx_word' id='word_1_438' title='bbox 2443 4383 2705 4443; x_wconf 76' lang='lat' dir='ltr'>vocatum,</span> 
     </span>
     <span class='ocr_line' id='line_1_54' title="bbox 451 4450 2625 4520; baseline -0.001 -15"><span class='ocrx_word' id='word_1_439' title='bbox 451 4453 547 4520; x_wconf 79' lang='lat' dir='ltr'>qui</span> <span class='ocrx_word' id='word_1_440' title='bbox 571 4467 743 4519; x_wconf 76' lang='lat' dir='ltr'>prope</span> <span class='ocrx_word' id='word_1_441' title='bbox 777 4451 1147 4505; x_wconf 77' lang='lat' dir='ltr'>Dommitzsch</span> <span class='ocrx_word' id='word_1_442' title='bbox 1182 4451 1241 4503; x_wconf 78' lang='lat' dir='ltr'>in</span> <span class='ocrx_word' id='word_1_443' title='bbox 1280 4452 1459 4505; x_wconf 81' lang='lat' dir='ltr'>Albim</span> <span class='ocrx_word' id='word_1_444' title='bbox 1496 4450 1664 4515; x_wconf 78' lang='lat' dir='ltr'>cadit,</span> <span class='ocrx_word' id='word_1_445' title='bbox 1699 4452 1840 4505; x_wconf 54' lang='lat' dir='ltr'>iliter</span> <span class='ocrx_word' id='word_1_446' title='bbox 1873 4451 2020 4505; x_wconf 82' lang='lat' dir='ltr'>vicos</span> <span class='ocrx_word' id='word_1_447' title='bbox 2055 4450 2278 4505; x_wconf 77' lang='lat' dir='ltr'>Trossin</span> <span class='ocrx_word' id='word_1_448' title='bbox 2315 4456 2364 4505; x_wconf 78' lang='lat' dir='ltr'>et</span> <span class='ocrx_word' id='word_1_449' title='bbox 2398 4450 2625 4505; x_wconf 72' lang='lat' dir='ltr'>Meltitz.</span> 
     </span>
    </p>
   </div>
   <div class='ocr_carea' id='block_1_11' title="bbox 2749 1353 3049 1410">
    <p class='ocr_par' dir='ltr' id='par_1_13' title="bbox 2749 1353 3049 1410">
     <span class='ocr_line' id='line_1_55' title="bbox 2749 1353 3049 1410; baseline -0.003 -10"><span class='ocrx_word' id='word_1_450' title='bbox 2749 1360 2780 1384; x_wconf 70' lang='lat'>¹⁸</span> <span class='ocrx_word' id='word_1_451' title='bbox 2796 1361 2884 1410; x_wconf 79' lang='lat' dir='ltr'>sol.</span> <span class='ocrx_word' id='word_1_452' title='bbox 2902 1363 2980 1400; x_wconf 67' lang='lat'>148.</span> <span class='ocrx_word' id='word_1_453' title='bbox 3048 1353 3049 1356; x_wconf 31' lang='lat'>¹</span> 
     </span>
    </p>
   </div>
   <div class='ocr_carea' id='block_1_12' title="bbox 2736 3242 2988 3298">
    <p class='ocr_par' dir='ltr' id='par_1_14' title="bbox 2736 3242 2988 3298">
     <span class='ocr_line' id='line_1_56' title="bbox 2736 3242 2988 3298; baseline -0.028 -9"><span class='ocrx_word' id='word_1_454' title='bbox 2736 3247 2762 3270; x_wconf 89' lang='lat'><strong>*</strong></span> <span class='ocrx_word' id='word_1_455' title='bbox 2780 3250 2869 3298; x_wconf 80' lang='lat' dir='ltr'>soz.</span> <span class='ocrx_word' id='word_1_456' title='bbox 2893 3242 2988 3287; x_wconf 82' lang='lat'><strong><em>148¹.</em></strong></span> 
     </span>
    </p>
   </div>
  </div>
 </body>
</html>
