3100 5050
1037 434 1443 491 THIETMARI
1475 433 1740 491 CHRON.
1814 435 1953 492 LIB.
1988 436 2081 492 VI.
2590 441 2691 495 139

424 587 642 653 dulcia
691 589 944 671 piorum
996 593 1180 671 gesta
1231 586 1317 651 ad
1369 585 1877 652 aedificationem
1932 589 2188 654 animae
2239 588 2366 673 ipsi
2416 589 2689 672 legimus
2726 604 2877 659 1004.

425 678 490 738 et
549 672 632 737 ab
693 672 840 739 aliis
897 672 1040 737 visu
1101 693 1179 737 ac
1238 670 1468 737 auditu
1543 670 1891 736 didicimus
1960 679 2025 738 et
2092 681 2309 739 tamen
2372 673 2689 739 obdurato

423 758 618 823 corde
651 758 873 823 miseri
918 756 1272 841 desipimus
1314 776 1435 821 nec
1476 776 1849 821 amovemur
1880 758 2111 823 inolita
2153 758 2451 842 nequicia
2492 760 2689 825 certis

422 844 740 908 malorum
796 843 1019 924 poenis
1085 862 1290 926 neque
1333 841 1734 906 delectamur
1786 842 2328 908 inestimabilibus
2373 844 2686 909 iustorum

421 929 687 1011 premiis
698 940 746 992 ⁸.

600 1016 696 1080 10.
766 1012 936 1076 Hinc
981 1033 1096 1076 rex
1139 1010 1478 1076 discedens
1495 1011 1545 1088 b,
1606 1012 1815 1075 sancti
1859 1010 2130 1076 Martini
2172 1012 2449 1095 presulis
2491 1013 2690 1078 limen

425 1098 752 1181 Magontia
808 1096 1077 1181 supplex
1130 1096 1295 1161 adiit
1353 1095 1573 1179 ibique
1624 1096 1843 1161 natale
1895 1096 2335 1179 apostolorum
2355 1097 2378 1141 ¹
2426 1116 2686 1163 venera·
2714 1119 2815 1161 nm.
2834 1121 2902 1165 89.

420 1183 641 1247 biliter
685 1182 906 1247 coluit.
1011 1178 1128 1267 (8.)
1200 1181 1354 1245 Post
1396 1182 1552 1246 hocc
1594 1201 1710 1264 per
1752 1181 2094 1245 Franciam
2138 1181 2516 1247 orientalem
2562 1183 2687 1248 iter

425 1268 669 1332 faciens
715 1267 1080 1345 Saxoniam,
1132 1273 1206 1331 ut
1241 1286 1392 1349 sepe
1425 1264 1759 1350 professus
1798 1271 1916 1345 est,
1964 1267 2331 1333 securitatis
2366 1289 2445 1332 ac
2480 1268 2687 1333 tocius

424 1352 741 1417 ubertatis
787 1353 973 1435 quasi
1016 1350 1382 1435 florigeram
1425 1349 1717 1434 paradisi
1760 1351 2005 1429 aulam,
2059 1353 2298 1418 revisit.
2390 1351 2491 1417 Ibi
2536 1359 2689 1417 tunc

424 1436 537 1502 diu
589 1436 991 1503 reconditum
1053 1437 1176 1501 zeli
1234 1436 1557 1501 latitantis
1620 1436 1975 1500 archanum
2032 1435 2115 1500 ab
2166 1436 2445 1520 simplici
2497 1437 2689 1503 corde

149 1542 171 1565 ¹·
190 1543 278 1593 soz.
299 1542 390 1582 102.
421 1522 707 1587 evomuit
758 1528 825 1587 et
877 1521 962 1587 ad
1016 1519 1572 1604 compes*cendam
1627 1520 1937 1585 Bolizlavi
1984 1524 2349 1603 arrogantis
2386 1523 2690 1588 seviciam

422 1606 721 1672 omnibus
773 1608 841 1671 in
895 1628 1014 1673 sua
1067 1606 1318 1671 dicione
1364 1605 1625 1670 Christo
1678 1604 1930 1688 sibique
1981 1605 2279 1671 fidelibus
2334 1606 2689 1690 expeditio-

422 1713 566 1757 nem
618 1696 904 1774 Augusto
954 1692 1086 1755 iam
1139 1691 1464 1755 mediante
1517 1689 1767 1754 indixit.
1868 1690 2125 1755 Statuto
2168 1693 2368 1774 igitur
2410 1693 2689 1757 termino
2716 1713 2835 1763 Aug.

418 1779 488 1842 in
546 1777 921 1859 Mer-seburg
983 1777 1302 1841 exercitus
1362 1774 1439 1839 fit
1497 1775 1788 1839 collectio
1850 1796 1925 1839 ac
1986 1775 2056 1840 in
2115 1776 2365 1841 hostem
2425 1776 2690 1842 tandem

421 1869 672 1927 secreta
726 1862 1075 1943 promocio.
1178 1860 1573 1924 Assimulato
1625 1879 1903 1943 namque
1959 1860 2027 1923 in
2079 1860 2410 1927 Poleniam
2455 1863 2688 1928 itinere

419 1968 616 2011 naves
679 1945 928 2009 ΒοιΊιΖ2
987 1952 1054 2009 et
1112 1943 1453 2010 Nisani‘l·3
1523 1945 1989 2027 glomerantur,
2062 1955 2135 2009 ut
2202 1946 2356 2011 ficta
2426 1967 2687 2012 suorum

420 2031 852 2096 benivolentia
904 2050 1035 2095 non
1084 2028 1268 2094 fieret
1316 2029 1581 2094 inimico
1632 2028 2073 2094 circumeundi
2125 2033 2489 2114 propalatio
2534 2032 2686 2096 ulla.

421 2114 695 2180 Interim
763 2135 998 2196 magna
1065 2114 1347 2179 inbrium
1416 2113 1645 2180 effusio
1712 2116 1783 2179 in
1842 2115 2257 2195 transeundis
2316 2115 2689 2181 fluminibus

419 2200 736 2264 exercitui
780 2197 1126 2265 ineffabilis
1169 2199 1245 2264 fit
1294 2199 1679 2273 retardatio,
1734 2208 1801 2263 et
1851 2220 1996 2264 cum
2051 2200 2315 2264 minime
2367 2203 2512 2283 quis
2565 2201 2689 2265 hoc

421 2284 716 2350 conicere
766 2285 1004 2366 potuit,
1055 2285 1125 2347 in
1178 2284 1507 2350 Boemiam
1560 2306 1676 2349 rex
1726 2284 2023 2349 celeriter
2075 2286 2377 2366 perrexit.
2474 2286 2687 2350 Huius

421 2370 766 2435 adventum
793 2369 891 2433 leo
918 2369 1285 2451 rugiens0·4
1323 2369 1534 2434 cauda
1574 2368 1995 2452 subsequenti
2036 2369 2348 2453 impedire
2385 2376 2689 2453 satagens

419 2456 489 2520 in
542 2455 730 2533 silva,
794 2476 959 2539 quae
1014 2455 1442 2537 Miriquidui5
1496 2454 1760 2532 dicitur,
1822 2458 2107 2517 montem
2162 2452 2485 2540 quendam
2542 2474 2688 2519 cum

419 2541 780 2622 sagittariis
851 2541 1176 2625 [prorsus]
1247 2540 1598 2605 intercluso
1678 2541 1853 2603 omni
1932 2538 2116 2604 aditu
2194 2539 2429 2606 firmat.
2550 2541 2689 2604 Rex

419 2633 639 2692 autem
682 2625 751 2689 id
794 2627 1214 2708 comperiens,
1258 2626 1590 2709 premissis
1634 2623 1802 2688 clam
1845 2624 2153 2690 loricatis·
2177 2624 2493 2690 militibus
2524 2626 2687 2690 elec—

418 2712 531 2790 tis,
605 2709 902 2775 hostibus
971 2711 1188 2775 invitis
1257 2710 1530 2775 arduam
1597 2709 1887 2790 irrupere
1950 2710 2147 2785 viam,
2220 2709 2477 2776 facilem
2538 2708 2687 2774 sub-

418 2796 834 2880 sequentibus
889 2796 1222 2876 parantesf
1270 2795 1517 2861 callem.
1611 2793 1787 2858 Inter
1836 2793 1995 2859 haec
2050 2795 2373 2859 Bolizlavo
2435 2797 2503 2858 in
2559 2813 2689 2860 una

183 2900 206 2923 ²·
227 2913 280 2952 p.
299 2901 394 2941 sos.
417 2880 668 2945 dierum
711 2886 980 2944 cenante
1033 2901 1201 2945 unus
1244 2901 1322 2945 ex
1365 2879 1623 2957 nostriS‚
1688 2879 2089 2960 capel*lanus
2141 2878 2490 2944 Reinberni
2542 2899 2681 2963 pre-

419 3051 466 3100 ε)
507 3060 590 3089 nec
623 3049 680 3088 ad
715 3051 1029 3089 correctionem
1073 3051 1196 3090 vitae
1228 3050 1445 3090 iustorum
1489 3049 1672 3098 premiis
1719 3047 2020 3090 ineffabilibus
2055 3049 2260 3090 delectati
2306 3049 2604 3089 convertimur
2646 3050 2688 3088 2.

420 3103 472 3150 b)
498 3101 554 3141 ab
572 3100 819 3150 Argenuus.
844 3101 952 3140 add.
973 3101 1012 3149 2,
1038 3100 1094 3140 Δ.
1112 3101 1162 3140 S.
1266 3100 1307 3150 c)
1332 3100 1416 3140 hac
1437 3101 1489 3140 A.
1596 3099 1643 3149 d)
1669 3101 1732 3138 ita
1752 3101 1799 3150 T,
1828 3101 1880 3150 23
1908 3109 2047 3141 naves
2074 3101 2205 3140 cluza
2229 3101 2363 3140 nicici
2388 3099 2440 3140 A.
2534 3100 2578 3150 e)
2605 3101 2694 3140 rui·

419 3162 532 3204 gens
557 3151 610 3202 A,
636 3163 744 3191 corr.
773 3153 821 3193 Τ.
925 3151 964 3202 ί)
987 3155 1192 3200 parentes
1218 3155 1260 3192 1.

425 3274 478 3337 1)
516 3271 672 3325 Petri
703 3277 754 3324 et
789 3270 977 3324 Pauli.
1116 3271 1170 3333 2)
1206 3271 1403 3324 Boritz
1437 3271 1594 3325 haud
1618 3271 1819 3337 procul
1853 3288 1890 3324 a
1924 3269 2095 3325 Rieea
2130 3271 2294 3326 iuxta
2330 3271 2565 3324 Albiam.
2620 3271 2690 3324 L.

422 3338 766 3394 Adalboldus
803 3354 847 3390 c.
872 3339 942 3393 43
978 3337 1188 3392 emhibet
1201 3357 1219 3390 .-
1255 3354 1421 3406 usque
1457 3336 1689 3392 citizam
1700 3358 1715 3401 3
1750 3339 1896 3392 unde
1932 3344 2168 3406 apparet
2198 3340 2353 3392 illum
2381 3339 2690 3393 Rietmaro

421 3408 544 3462 vivo
571 3422 638 3461 ea:
663 3421 821 3474 opere
845 3407 964 3460 eius
989 3407 1232 3460 nondum
1260 3407 1504 3473 perfecto
1539 3407 1675 3460 haec
1698 3407 1967 3462 hausisse.
2037 3406 2193 3468 Gonf.
2222 3406 2425 3472 Waitz,
2462 3407 2563 3461 SS.
2588 3407 2692 3469 IV,

415 3473 601 3544 praef.
631 3490 691 3540 p.
719 3475 838 3528 682.
911 3473 1090 3529 Ciliza
1123 3476 1184 3528 in
1212 3490 1362 3543 payo
1399 3474 1589 3528 Nicici
1622 3475 1697 3529 ad
1732 3475 2015 3530 sinistram
2049 3476 2229 3542 ripam
2258 3474 2415 3528 Albis
2449 3474 2693 3538 fluminis

415 3559 591 3613 prope
633 3542 875 3596 Bleddin
917 3543 1060 3597 inter
1103 3543 1367 3597 Pretesch
1411 3548 1463 3597 et
1518 3542 1847 3609 Wittenbery
1890 3559 1917 3596 e
1959 3544 2176 3610 reqione
2218 3543 2329 3596 vici
2362 3541 2692 3610 Schsttzbery

422 3613 482 3666 in
522 3611 653 3666 colle
695 3611 931 3678 quodam
973 3611 1191 3665 videtur
1234 3612 1398 3666 situm
1429 3609 1635 3677 fuisse,
1681 3611 1774 3664 cui
1812 3610 1952 3664 idem
1996 3626 2189 3664 nomen
2233 3610 2560 3678 Schmebery
2596 3618 2694 3666 est.

422 3679 477 3745 3)
531 3679 746 3734 Nisam'
786 3679 887 3734 hoc
931 3679 1045 3733 loco
1087 3695 1196 3732 non
1241 3681 1390 3746 pagi,
1434 3679 1532 3732 sed
1565 3678 1676 3732 vici
1709 3679 1995 3732 cuiusdam
2028 3693 2223 3732 nomen
2266 3694 2382 3732 esse
2426 3684 2662 3746 apparet
2674 3697 2691 3742 ,-

421 3764 580 3816 quem
613 3747 796 3800 vicum
819 3745 1006 3813 fuisse
1041 3747 1298 3801 Nemeen
1325 3761 1500 3814 prope
1533 3746 1831 3814 Mahlbery
1866 3752 1917 3801 ct
1948 3747 2078 3800 olim
2114 3747 2175 3799 in
2210 3747 2337 3813 ipsa
2370 3747 2499 3813 ripa
2533 3747 2694 3800 Albis

423 3818 588 3872 situm
615 3815 926 3885 ‘probatum
971 3821 1051 3868 est
1094 3832 1130 3868 a
1182 3815 1538 3877 Wedekindo,
1586 3812 1803 3868 ‘Neues
1837 3815 2086 3870 Laueitz.
2122 3815 2415 3882 Mayaein’
2456 3814 2693 3876 XVIII,

423 3884 545 3937 217.
627 3883 717 3936 De
763 3883 882 3938 vico
927 3883 1184 3936 Nemeen
1230 3883 1308 3946 (a.
1337 3882 1470 3937 1251
1518 3881 1747 3946 Nisene)
1789 3883 1860 3948 cf.
1898 3883 2062 3936 etiam
2110 3883 2326 3948 Knabe,
2370 3880 2694 3938 ‘Eiet-stat.

424 3952 637 4007 Nachr.
676 3967 782 4005 aas
816 3953 869 4006 d.
893 3951 1180 4005 kursachs.
1216 3952 1348 4005 Amt
1375 3951 1635 4016 Toryau’,
1670 3952 1868 4018 Proqr.
1897 3951 2115 4017 Torqau
2153 3951 2303 4004 1887.
2441 3951 2496 4012 4)
2533 3951 2693 4004 Bole-

423 4022 630 4076 εῑαυαε.
766 4020 821 4084 5)
860 4020 1019 4084 Quod
1059 4034 1254 4072 nomen
1279 4018 1338 4072 M
1399 4017 1561 4072 kvidr
1594 4021 1757 4074 etiam
1790 4019 2027 4074 occurm't
2058 4019 2116 4073 in
2145 4018 2386 4072 carmine
2410 4020 2450 4071 I
2448 4019 2695 4072 slandico

424 4087 733 4155 Atlaquida
775 4088 836 4142 ὑη
878 4087 1216 4152 yroenlezka.
1357 4087 1408 4141 ic
1454 4088 1776 4155 deeiynatur
1817 4093 2027 4142 tractus
2062 4091 2369 4151 montanus,
2405 4086 2505 4154 qui
2534 4086 2697 4140 hodic

423 4163 686 4211 vocatur.-
723 4155 829 4211 das
862 4156 1211 4224 Erzyebirqc.
1305 4155 1367 4208 V.
1403 4155 1565 4209 etiam
1602 4156 1850 4210 chao-tam
1884 4155 2170 4210 Merit-i
2210 4155 2262 4207 I.
2300 4155 2429 4221 imp.
2466 4171 2521 4208 a.
2556 4155 2695 4208 1162

425 4225 591 4278 Febr.
616 4225 686 4278 26
711 4222 969 4291 (Stampf
985 4224 1165 4287 3929).
1217 4225 1285 4277 L.
1354 4224 1479 4276 Hoc
1502 4238 1699 4276 nomen
1729 4224 1874 4277 idem
1899 4227 1981 4277 est
2006 4229 2168 4291 atque
2192 4219 2477 4275 Mire-wida
2501 4237 2697 4276 nomen

427 4291 574 4345 alius
607 4292 778 4346 silvae
811 4293 969 4356 infra
1007 4292 1117 4355 IX,
1152 4292 1222 4345 28
1266 4298 1713 4346 commemoratae
1748 4298 1800 4346 et
1833 4291 2121 4345 obscuram
2156 4291 2352 4344 silvam
2387 4290 2694 4358 siqntficat:

429 4359 582 4412 mrok
632 4359 924 4426 slavonice,
981 4359 1141 4414 murk
1187 4359 1250 4413 in
1297 4359 1530 4414 dialecto
1580 4358 1912 4413 Germaniae
1962 4358 2262 4424 inferioris,
2313 4359 2499 4428 myrkr
2542 4358 2699 4426 apud

430 4425 732 4480 Germanos
773 4428 1218 4496 septentrionales
1251 4447 1322 4471 =
1356 4425 1639 4490 tenebrae,
1695 4426 1837 4482 widu
1870 4445 1941 4470 =
1976 4425 2128 4482 silva.
