<?xml version="1.0" encoding="UTF-8"?>
<!DOCTYPE html PUBLIC "-//W3C//DTD XHTML 1.0 Transitional//EN"
    "http://www.w3.org/TR/xhtml1/DTD/xhtml1-transitional.dtd">
<html xmlns="http://www.w3.org/1999/xhtml" xml:lang="en" lang="en">
 <head>
  <title>
</title>
<meta http-equiv="Content-Type" content="text/html;charset=utf-8" />
  <meta name='ocr-system' content='tesseract 3.04.00' />
  <meta name='ocr-capabilities' content='ocr_page ocr_carea ocr_par ocr_line ocrx_word'/>
</head>
<body>
  <div class='ocr_page' id='page_1' title='image "./thietmarimerseb00lappgoog_0124.png"; bbox 0 0 3100 5050; ppageno 0'>
   <div class='ocr_carea' id='block_1_1' title="bbox 427 371 2103 433">
    <p class='ocr_par' dir='ltr' id='par_1_1' title="bbox 427 371 2103 433">
     <span class='ocr_line' id='line_1_1' title="bbox 427 371 2103 433; baseline -0.004 0"><span class='ocrx_word' id='word_1_1' title='bbox 427 380 535 433; x_wconf 83' lang='lat'><strong>104</strong></span> <span class='ocrx_word' id='word_1_2' title='bbox 1022 374 1425 429; x_wconf 77' lang='lat' dir='ltr'>THOETMARI</span> <span class='ocrx_word' id='word_1_3' title='bbox 1459 371 1723 428; x_wconf 70' lang='lat' dir='ltr'><strong>CERON.</strong></span> <span class='ocrx_word' id='word_1_4' title='bbox 1790 373 1930 429; x_wconf 91' lang='lat' dir='ltr'><strong>LIB.</strong></span> <span class='ocrx_word' id='word_1_5' title='bbox 1966 372 2103 429; x_wconf 88' lang='lat'>1111.</span> 
     </span>
    </p>
   </div>
   <div class='ocr_carea' id='block_1_2' title="bbox 423 526 2687 2068">
    <p class='ocr_par' dir='ltr' id='par_1_2' title="bbox 423 526 2685 869">
     <span class='ocr_line' id='line_1_2' title="bbox 423 526 2683 613; baseline -0.002 -18"><span class='ocrx_word' id='word_1_6' title='bbox 423 528 846 613; x_wconf 83' lang='lat' dir='ltr'><strong>fragilitatem</strong></span> <span class='ocrx_word' id='word_1_7' title='bbox 901 526 1142 593; x_wconf 89' lang='lat' dir='ltr'><strong>deflens</strong></span> <span class='ocrx_word' id='word_1_8' title='bbox 1193 526 1476 610; x_wconf 88' lang='lat' dir='ltr'><strong>placavit</strong></span> <span class='ocrx_word' id='word_1_9' title='bbox 1527 527 1735 592; x_wconf 91' lang='lat' dir='ltr'><strong>Deum</strong></span> <span class='ocrx_word' id='word_1_10' title='bbox 1790 531 1855 591; x_wconf 94' lang='lat' dir='ltr'><strong>et</strong></span> <span class='ocrx_word' id='word_1_11' title='bbox 1906 526 2097 593; x_wconf 86' lang='lat' dir='ltr'><strong>solvit</strong></span> <span class='ocrx_word' id='word_1_12' title='bbox 2147 546 2352 605; x_wconf 81' lang='lat' dir='ltr'><strong>reum3</strong></span> <span class='ocrx_word' id='word_1_13' title='bbox 2420 532 2487 591; x_wconf 90' lang='lat' dir='ltr'><strong>et</strong></span> <span class='ocrx_word' id='word_1_14' title='bbox 2536 547 2683 610; x_wconf 88' lang='lat' dir='ltr'><strong>pro-</strong></span> 
     </span>
     <span class='ocr_line' id='line_1_3' title="bbox 425 611 2684 698; baseline -0.001 -18"><span class='ocrx_word' id='word_1_15' title='bbox 425 616 602 681; x_wconf 89' lang='lat' dir='ltr'><strong>tinus</strong></span> <span class='ocrx_word' id='word_1_16' title='bbox 663 634 808 679; x_wconf 91' lang='lat' dir='ltr'><strong>cum</strong></span> <span class='ocrx_word' id='word_1_17' title='bbox 879 614 1102 679; x_wconf 87' lang='lat' dir='ltr'><strong>multis</strong></span> <span class='ocrx_word' id='word_1_18' title='bbox 1181 614 1536 698; x_wconf 86' lang='lat' dir='ltr'><strong>gratiarum</strong></span> <span class='ocrx_word' id='word_1_19' title='bbox 1606 611 1977 678; x_wconf 80' lang='lat' dir='ltr'>accionibus</span> <span class='ocrx_word' id='word_1_20' title='bbox 2047 632 2397 695; x_wconf 73' lang='lat' dir='ltr'>exsurgens</span> <span class='ocrx_word' id='word_1_21' title='bbox 2466 612 2684 677; x_wconf 89' lang='lat' dir='ltr'><strong>divina</strong></span> 
     </span>
     <span class='ocr_line' id='line_1_4' title="bbox 423 697 2685 785; baseline -0.001 -20"><span class='ocrx_word' id='word_1_22' title='bbox 423 705 745 785; x_wconf 79' lang='lat' dir='ltr'><strong>potestate</strong></span> <span class='ocrx_word' id='word_1_23' title='bbox 807 720 1024 765; x_wconf 88' lang='lat' dir='ltr'><strong>coram</strong></span> <span class='ocrx_word' id='word_1_24' title='bbox 1080 698 1392 770; x_wconf 82' lang='lat' dir='ltr'><strong>fratribus</strong></span> <span class='ocrx_word' id='word_1_25' title='bbox 1449 699 1700 764; x_wconf 89' lang='lat' dir='ltr'><strong>cunctis</strong></span> <span class='ocrx_word' id='word_1_26' title='bbox 1756 697 2063 764; x_wconf 81' lang='lat' dir='ltr'><strong>defuncto</strong></span> <span class='ocrx_word' id='word_1_27' title='bbox 2130 698 2370 763; x_wconf 81' lang='lat' dir='ltr'><strong>crimen</strong></span> <span class='ocrx_word' id='word_1_28' title='bbox 2434 697 2685 763; x_wconf 80' lang='lat' dir='ltr'><strong>remisit</strong></span> 
     </span>
     <span class='ocr_line' id='line_1_5' title="bbox 427 782 2513 869; baseline -0.001 -18"><span class='ocrx_word' id='word_1_29' title='bbox 427 792 506 851; x_wconf 72' lang='lat' dir='ltr'><strong>et,</strong></span> <span class='ocrx_word' id='word_1_30' title='bbox 539 785 790 869; x_wconf 84' lang='lat' dir='ltr'><strong>corpori</strong></span> <span class='ocrx_word' id='word_1_31' title='bbox 834 786 1150 851; x_wconf 88' lang='lat' dir='ltr'><strong>aeclesiae</strong></span> <span class='ocrx_word' id='word_1_32' title='bbox 1195 785 1709 851; x_wconf 84' lang='lat' dir='ltr'><strong>communionem</strong></span> <span class='ocrx_word' id='word_1_33' title='bbox 1754 805 1830 848; x_wconf 86' lang='lat' dir='ltr'><strong>ac</strong></span> <span class='ocrx_word' id='word_1_34' title='bbox 1874 784 2241 868; x_wconf 89' lang='lat' dir='ltr'><strong>sepulturae</strong></span> <span class='ocrx_word' id='word_1_35' title='bbox 2286 782 2513 869; x_wconf 72' lang='lat' dir='ltr'><strong>dedit]</strong></span> 
     </span>
    </p>

    <p class='ocr_par' dir='ltr' id='par_1_3' title="bbox 423 868 2687 2068">
     <span class='ocr_line' id='line_1_6' title="bbox 597 868 2683 957; baseline -0.001 -20"><span class='ocrx_word' id='word_1_36' title='bbox 597 873 700 939; x_wconf 82' lang='lat'><strong>72.</strong></span> <span class='ocrx_word' id='word_1_37' title='bbox 738 869 900 957; x_wconf 88' lang='grc'>(48.)</span> <span class='ocrx_word' id='word_1_38' title='bbox 974 870 1203 956; x_wconf 88' lang='lat' dir='ltr'><strong>[Nunc‚</strong></span> <span class='ocrx_word' id='word_1_39' title='bbox 1249 871 1468 947; x_wconf 88' lang='lat' dir='ltr'><strong>lector,</strong></span> <span class='ocrx_word' id='word_1_40' title='bbox 1513 868 1753 935; x_wconf 88' lang='lat' dir='ltr'><strong>audisti</strong></span> <span class='ocrx_word' id='word_1_41' title='bbox 1790 870 1871 934; x_wconf 91' lang='lat' dir='ltr'><strong>de</strong></span> <span class='ocrx_word' id='word_1_42' title='bbox 1907 875 2271 951; x_wconf 87' lang='lat' dir='ltr'><strong>contemptu</strong></span> <span class='ocrx_word' id='word_1_43' title='bbox 2314 875 2683 935; x_wconf 89' lang='lat' dir='ltr'><strong>sanctorum</strong></span> 
     </span>
     <span class='ocr_line' id='line_1_7' title="bbox 423 955 2683 1041; baseline -0.001 -18"><span class='ocrx_word' id='word_1_44' title='bbox 423 978 680 1041; x_wconf 87' lang='lat' dir='ltr'><strong>gravem</strong></span> <span class='ocrx_word' id='word_1_45' title='bbox 725 977 1028 1040; x_wconf 81' lang='lat' dir='ltr'><strong>poenam3</strong></span> <span class='ocrx_word' id='word_1_46' title='bbox 1076 956 1267 1022; x_wconf 90' lang='lat' dir='ltr'><strong>modo</strong></span> <span class='ocrx_word' id='word_1_47' title='bbox 1310 956 1591 1038; x_wconf 79' lang='lat' dir='ltr'><strong>accipies</strong></span> <span class='ocrx_word' id='word_1_48' title='bbox 1634 955 1715 1021; x_wconf 88' lang='lat' dir='ltr'><strong>de</strong></span> <span class='ocrx_word' id='word_1_49' title='bbox 1758 976 1979 1020; x_wconf 89' lang='lat' dir='ltr'><strong>amore</strong></span> <span class='ocrx_word' id='word_1_50' title='bbox 2022 956 2329 1020; x_wconf 89' lang='lat' dir='ltr'><strong>continuo</strong></span> <span class='ocrx_word' id='word_1_51' title='bbox 2362 955 2683 1021; x_wconf 81' lang='lat' dir='ltr'><strong>salubrem</strong></span> 
     </span>
     <span class='ocr_line' id='line_1_8' title="bbox 426 1039 2685 1126; baseline 0 -19"><span class='ocrx_word' id='word_1_52' title='bbox 426 1043 829 1109; x_wconf 85' lang='lat' dir='ltr'><strong>medicinam.</strong></span> <span class='ocrx_word' id='word_1_53' title='bbox 935 1043 1093 1107; x_wconf 84' lang='lat' dir='ltr'><strong>Fuit</strong></span> <span class='ocrx_word' id='word_1_54' title='bbox 1146 1042 1298 1108; x_wconf 89' lang='lat' dir='ltr'><strong>olim</strong></span> <span class='ocrx_word' id='word_1_55' title='bbox 1351 1040 1474 1107; x_wconf 91' lang='lat' dir='ltr'><strong>sub</strong></span> <span class='ocrx_word' id='word_1_56' title='bbox 1524 1047 1816 1126; x_wconf 89' lang='lat' dir='ltr'><strong>tempore</strong></span> <span class='ocrx_word' id='word_1_57' title='bbox 1869 1039 2291 1107; x_wconf 78' lang='lat' dir='ltr'><strong>Godescalki⁸</strong></span> <span class='ocrx_word' id='word_1_58' title='bbox 2352 1040 2643 1107; x_wconf 85' lang='lat' dir='ltr'><strong>*abbatis</strong></span> <span class='ocrx_word' id='word_1_59' title='bbox 2662 1042 2685 1087; x_wconf 87' lang='lat'>¹</span> 
     </span>
     <span class='ocr_line' id='line_1_9' title="bbox 427 1124 2684 1214; baseline -0.002 -19"><span class='ocrx_word' id='word_1_60' title='bbox 427 1129 688 1213; x_wconf 88' lang='lat' dir='ltr'><strong>quidam</strong></span> <span class='ocrx_word' id='word_1_61' title='bbox 725 1128 1084 1193; x_wconf 88' lang='lat' dir='ltr'><strong>monachus</strong></span> <span class='ocrx_word' id='word_1_62' title='bbox 1118 1128 1374 1193; x_wconf 89' lang='lat' dir='ltr'><strong>nomine</strong></span> <span class='ocrx_word' id='word_1_63' title='bbox 1401 1127 1713 1205; x_wconf 86' lang='lat' dir='ltr'><strong>Alvricus,</strong></span> <span class='ocrx_word' id='word_1_64' title='bbox 1750 1128 1857 1192; x_wconf 89' lang='lat' dir='ltr'><strong>cui</strong></span> <span class='ocrx_word' id='word_1_65' title='bbox 1890 1128 1958 1191; x_wconf 90' lang='lat' dir='ltr'><strong>in</strong></span> <span class='ocrx_word' id='word_1_66' title='bbox 1986 1128 2196 1209; x_wconf 86' lang='lat' dir='ltr'><strong>capite</strong></span> <span class='ocrx_word' id='word_1_67' title='bbox 2224 1124 2385 1214; x_wconf 85' lang='lat' dir='ltr'><strong>[suo]</strong></span> <span class='ocrx_word' id='word_1_68' title='bbox 2412 1126 2684 1192; x_wconf 87' lang='lat' dir='ltr'><strong>multum</strong></span> 
     </span>
     <span class='ocr_line' id='line_1_10' title="bbox 425 1213 2685 1298; baseline -0.001 -17"><span class='ocrx_word' id='word_1_69' title='bbox 425 1216 648 1281; x_wconf 88' lang='lat' dir='ltr'><strong>nocuit</strong></span> <span class='ocrx_word' id='word_1_70' title='bbox 661 1216 1011 1296; x_wconf 82' lang='lat' dir='ltr'><strong>migranea,</strong></span> <span class='ocrx_word' id='word_1_71' title='bbox 1041 1234 1210 1298; x_wconf 89' lang='lat' dir='ltr'><strong>quae</strong></span> <span class='ocrx_word' id='word_1_72' title='bbox 1229 1213 1466 1296; x_wconf 86' lang='lat' dir='ltr'><strong>duplex</strong></span> <span class='ocrx_word' id='word_1_73' title='bbox 1487 1218 1605 1293; x_wconf 86' lang='lat' dir='ltr'><strong>est,</strong></span> <span class='ocrx_word' id='word_1_74' title='bbox 1633 1218 1751 1278; x_wconf 89' lang='lat' dir='ltr'><strong>aut</strong></span> <span class='ocrx_word' id='word_1_75' title='bbox 1765 1234 1845 1278; x_wconf 87' lang='lat' dir='ltr'><strong>ex</strong></span> <span class='ocrx_word' id='word_1_76' title='bbox 1870 1218 2056 1297; x_wconf 90' lang='lat' dir='ltr'><strong>gutta</strong></span> <span class='ocrx_word' id='word_1_77' title='bbox 2075 1220 2193 1277; x_wconf 87' lang='lat' dir='ltr'><strong>aut</strong></span> <span class='ocrx_word' id='word_1_78' title='bbox 2209 1234 2288 1277; x_wconf 85' lang='lat' dir='ltr'><strong>ex</strong></span> <span class='ocrx_word' id='word_1_79' title='bbox 2304 1213 2685 1278; x_wconf 73' lang='lat' dir='ltr'><strong>vermibus*</strong></span> 
     </span>
     <span class='ocr_line' id='line_1_11' title="bbox 429 1297 2685 1385; baseline -0 -20"><span class='ocrx_word' id='word_1_80' title='bbox 429 1299 552 1365; x_wconf 87' lang='lat' dir='ltr'><strong>Sed</strong></span> <span class='ocrx_word' id='word_1_81' title='bbox 583 1320 725 1365; x_wconf 90' lang='lat' dir='ltr'><strong>cum</strong></span> <span class='ocrx_word' id='word_1_82' title='bbox 758 1300 1032 1365; x_wconf 89' lang='lat' dir='ltr'><strong>eundem</strong></span> <span class='ocrx_word' id='word_1_83' title='bbox 1063 1302 1192 1364; x_wconf 87' lang='lat' dir='ltr'><strong>iam</strong></span> <span class='ocrx_word' id='word_1_84' title='bbox 1217 1318 1422 1385; x_wconf 90' lang='lat' dir='ltr'><strong>poene</strong></span> <span class='ocrx_word' id='word_1_85' title='bbox 1451 1297 1852 1365; x_wconf 89' lang='lat' dir='ltr'><strong>deficientem</strong></span> <span class='ocrx_word' id='word_1_86' title='bbox 1886 1298 2241 1364; x_wconf 86' lang='lat' dir='ltr'><strong>confratres</strong></span> <span class='ocrx_word' id='word_1_87' title='bbox 2269 1299 2685 1379; x_wconf 85' lang='lat' dir='ltr'><strong>custodirent,</strong></span> 
     </span>
     <span class='ocr_line' id='line_1_12' title="bbox 428 1384 2683 1469; baseline -0 -19"><span class='ocrx_word' id='word_1_88' title='bbox 428 1407 581 1452; x_wconf 88' lang='lat' dir='ltr'><strong>casu</strong></span> <span class='ocrx_word' id='word_1_89' title='bbox 616 1385 872 1463; x_wconf 88' lang='lat' dir='ltr'><strong>accidit,</strong></span> <span class='ocrx_word' id='word_1_90' title='bbox 911 1391 984 1450; x_wconf 89' lang='lat' dir='ltr'><strong>ut</strong></span> <span class='ocrx_word' id='word_1_91' title='bbox 1021 1385 1432 1469; x_wconf 83' lang='lat' dir='ltr'><strong>singulariter</strong></span> <span class='ocrx_word' id='word_1_92' title='bbox 1467 1385 1871 1469; x_wconf 87' lang='lat' dir='ltr'><strong>egredientes</strong></span> <span class='ocrx_word' id='word_1_93' title='bbox 1906 1384 2078 1449; x_wconf 90' lang='lat' dir='ltr'><strong>hunc</strong></span> <span class='ocrx_word' id='word_1_94' title='bbox 2112 1384 2451 1449; x_wconf 82' lang='lat' dir='ltr'><strong>dumtaxat</strong></span> <span class='ocrx_word' id='word_1_95' title='bbox 2478 1384 2683 1449; x_wconf 88' lang='lat' dir='ltr'><strong>solum</strong></span> 
     </span>
     <span class='ocr_line' id='line_1_13' title="bbox 425 1470 2686 1555; baseline -0.001 -17"><span class='ocrx_word' id='word_1_96' title='bbox 425 1472 881 1555; x_wconf 87' lang='lat' dir='ltr'><strong>relinquerent.</strong></span> <span class='ocrx_word' id='word_1_97' title='bbox 990 1471 1168 1536; x_wconf 92' lang='lat' dir='ltr'><strong>Tunc</strong></span> <span class='ocrx_word' id='word_1_98' title='bbox 1228 1491 1264 1537; x_wconf 86' lang='lat' dir='ltr'><strong>e</strong></span> <span class='ocrx_word' id='word_1_99' title='bbox 1315 1471 1538 1537; x_wconf 86' lang='lat' dir='ltr'><strong>cloaca</strong></span> <span class='ocrx_word' id='word_1_100' title='bbox 1591 1471 1828 1554; x_wconf 85' lang='lat' dir='ltr'><strong>egressi</strong></span> <span class='ocrx_word' id='word_1_101' title='bbox 1890 1476 2045 1535; x_wconf 89' lang='lat' dir='ltr'><strong>sunt</strong></span> <span class='ocrx_word' id='word_1_102' title='bbox 2099 1470 2424 1550; x_wconf 90' lang='lat' dir='ltr'><strong>demones,</strong></span> <span class='ocrx_word' id='word_1_103' title='bbox 2488 1471 2686 1536; x_wconf 89' lang='lat' dir='ltr'><strong>libros</strong></span> 
     </span>
     <span class='ocr_line' id='line_1_14' title="bbox 428 1555 2687 1641; baseline -0.001 -18"><span class='ocrx_word' id='word_1_104' title='bbox 428 1557 740 1641; x_wconf 86' lang='lat' dir='ltr'><strong>speciales</strong></span> <span class='ocrx_word' id='word_1_105' title='bbox 780 1558 851 1622; x_wconf 89' lang='lat' dir='ltr'><strong>in</strong></span> <span class='ocrx_word' id='word_1_106' title='bbox 893 1556 1192 1622; x_wconf 88' lang='lat' dir='ltr'><strong>manibus</strong></span> <span class='ocrx_word' id='word_1_107' title='bbox 1236 1555 1548 1623; x_wconf 84' lang='lat' dir='ltr'><strong>habentes</strong></span> <span class='ocrx_word' id='word_1_108' title='bbox 1592 1557 1981 1638; x_wconf 81' lang='lat' dir='ltr'><strong>eorumqueb</strong></span> <span class='ocrx_word' id='word_1_109' title='bbox 2024 1556 2301 1622; x_wconf 87' lang='lat' dir='ltr'><strong>lectione</strong></span> <span class='ocrx_word' id='word_1_110' title='bbox 2357 1558 2536 1640; x_wconf 86' lang='lat' dir='ltr'><strong>gravi</strong></span> <span class='ocrx_word' id='word_1_111' title='bbox 2588 1557 2687 1621; x_wconf 92' lang='lat' dir='ltr'><strong>in-</strong></span> 
     </span>
     <span class='ocr_line' id='line_1_15' title="bbox 426 1641 2684 1727; baseline 0 -20"><span class='ocrx_word' id='word_1_112' title='bbox 426 1643 684 1708; x_wconf 89' lang='lat' dir='ltr'><strong>firmum</strong></span> <span class='ocrx_word' id='word_1_113' title='bbox 746 1642 827 1708; x_wconf 90' lang='lat' dir='ltr'><strong>de</strong></span> <span class='ocrx_word' id='word_1_114' title='bbox 889 1644 1026 1708; x_wconf 88' lang='lat' dir='ltr'><strong>suis</strong></span> <span class='ocrx_word' id='word_1_115' title='bbox 1085 1641 1450 1709; x_wconf 85' lang='lat' dir='ltr'><strong>actionibus</strong></span> <span class='ocrx_word' id='word_1_116' title='bbox 1519 1643 1847 1727; x_wconf 86' lang='lat' dir='ltr'><strong>inscriptis</strong></span> <span class='ocrx_word' id='word_1_117' title='bbox 1916 1642 1983 1707; x_wconf 86' lang='lat' dir='ltr'><strong>in</strong></span> <span class='ocrx_word' id='word_1_118' title='bbox 2046 1662 2279 1707; x_wconf 89' lang='lat' dir='ltr'><strong>vanum</strong></span> <span class='ocrx_word' id='word_1_119' title='bbox 2348 1650 2684 1708; x_wconf 89' lang='lat' dir='ltr'><strong>terrentes.</strong></span> 
     </span>
     <span class='ocr_line' id='line_1_16' title="bbox 426 1727 2686 1812; baseline -0 -19"><span class='ocrx_word' id='word_1_120' title='bbox 426 1728 720 1812; x_wconf 86' lang='lat' dir='ltr'><strong>Namque</strong></span> <span class='ocrx_word' id='word_1_121' title='bbox 763 1729 1026 1795; x_wconf 89' lang='lat' dir='ltr'><strong>inclitus</strong></span> <span class='ocrx_word' id='word_1_122' title='bbox 1063 1728 1302 1794; x_wconf 86' lang='lat' dir='ltr'><strong>Christi</strong></span> <span class='ocrx_word' id='word_1_123' title='bbox 1347 1730 1576 1795; x_wconf 85' lang='lat' dir='ltr'><strong>martir</strong></span> <span class='ocrx_word' id='word_1_124' title='bbox 1611 1729 1799 1793; x_wconf 91' lang='lat' dir='ltr'><strong>Vitus</strong></span> <span class='ocrx_word' id='word_1_125' title='bbox 1840 1727 1991 1793; x_wconf 89' lang='lat' dir='ltr'><strong>ilico</strong></span> <span class='ocrx_word' id='word_1_126' title='bbox 2038 1729 2365 1811; x_wconf 88' lang='lat' dir='ltr'><strong>ingressus</strong></span> <span class='ocrx_word' id='word_1_127' title='bbox 2408 1728 2686 1793; x_wconf 81' lang='lat' dir='ltr'><strong>eisdeme</strong></span> 
     </span>
     <span class='ocr_line' id='line_1_17' title="bbox 426 1813 2683 1899; baseline -0.001 -18"><span class='ocrx_word' id='word_1_128' title='bbox 426 1816 645 1899; x_wconf 89' lang='lat' dir='ltr'><strong>fugam</strong></span> <span class='ocrx_word' id='word_1_129' title='bbox 691 1836 887 1880; x_wconf 86' lang='lat' dir='ltr'><strong>manu</strong></span> <span class='ocrx_word' id='word_1_130' title='bbox 932 1815 1168 1880; x_wconf 84' lang='lat' dir='ltr'><strong>indixit</strong></span> <span class='ocrx_word' id='word_1_131' title='bbox 1211 1821 1276 1879; x_wconf 92' lang='lat' dir='ltr'><strong>et</strong></span> <span class='ocrx_word' id='word_1_132' title='bbox 1317 1815 1502 1879; x_wconf 82' lang='lat' dir='ltr'><strong>iuxta</strong></span> <span class='ocrx_word' id='word_1_133' title='bbox 1543 1835 1691 1881; x_wconf 90' lang='lat' dir='ltr'><strong>eum</strong></span> <span class='ocrx_word' id='word_1_134' title='bbox 1736 1821 1915 1879; x_wconf 88' lang='lat' dir='ltr'><strong>stans</strong></span> <span class='ocrx_word' id='word_1_135' title='bbox 1968 1813 2347 1879; x_wconf 85' lang='lat' dir='ltr'><strong>consolatur</strong></span> <span class='ocrx_word' id='word_1_136' title='bbox 2403 1832 2548 1879; x_wconf 90' lang='lat' dir='ltr'><strong>eum</strong></span> <span class='ocrx_word' id='word_1_137' title='bbox 2604 1820 2683 1890; x_wconf 86' lang='lat' dir='ltr'><strong>et,</strong></span> 
     </span>
     <span class='ocr_line' id='line_1_18' title="bbox 425 1898 2687 1985; baseline -0.001 -19"><span class='ocrx_word' id='word_1_138' title='bbox 425 1902 574 1985; x_wconf 86' lang='lat' dir='ltr'><strong>quis</strong></span> <span class='ocrx_word' id='word_1_139' title='bbox 609 1907 794 1979; x_wconf 89' lang='lat' dir='ltr'><strong>esset,</strong></span> <span class='ocrx_word' id='word_1_140' title='bbox 846 1901 1138 1985; x_wconf 87' lang='lat' dir='ltr'><strong>protinus</strong></span> <span class='ocrx_word' id='word_1_141' title='bbox 1176 1900 1235 1965; x_wconf 92' lang='lat' dir='ltr'><strong>ei</strong></span> <span class='ocrx_word' id='word_1_142' title='bbox 1268 1901 1591 1965; x_wconf 81' lang='lat' dir='ltr'><strong>intimavit</strong></span> <span class='ocrx_word' id='word_1_143' title='bbox 1632 1920 1711 1965; x_wconf 88' lang='lat' dir='ltr'><strong>ao</strong></span> <span class='ocrx_word' id='word_1_144' title='bbox 1754 1898 1910 1965; x_wconf 85' lang='lat' dir='ltr'><strong>data</strong></span> <span class='ocrx_word' id='word_1_145' title='bbox 1944 1898 2386 1965; x_wconf 88' lang='lat' dir='ltr'><strong>benedictione</strong></span> <span class='ocrx_word' id='word_1_146' title='bbox 2424 1920 2687 1983; x_wconf 88' lang='lat' dir='ltr'><strong>surgere</strong></span> 
     </span>
     <span class='ocr_line' id='line_1_19' title="bbox 429 1983 2684 2068; baseline -0.001 -17"><span class='ocrx_word' id='word_1_147' title='bbox 429 2007 573 2053; x_wconf 88' lang='lat' dir='ltr'><strong>eum</strong></span> <span class='ocrx_word' id='word_1_148' title='bbox 619 1988 810 2051; x_wconf 90' lang='lat' dir='ltr'><strong>iussit</strong></span> <span class='ocrx_word' id='word_1_149' title='bbox 851 1992 918 2051; x_wconf 91' lang='lat' dir='ltr'><strong>et</strong></span> <span class='ocrx_word' id='word_1_150' title='bbox 959 1986 1119 2051; x_wconf 90' lang='lat' dir='ltr'><strong>haec</strong></span> <span class='ocrx_word' id='word_1_151' title='bbox 1155 1986 1464 2051; x_wconf 88' lang='lat' dir='ltr'><strong>mandata</strong></span> <span class='ocrx_word' id='word_1_152' title='bbox 1496 1985 1788 2068; x_wconf 89' lang='lat' dir='ltr'><strong>predicto</strong></span> <span class='ocrx_word' id='word_1_153' title='bbox 1824 1985 2046 2051; x_wconf 90' lang='lat' dir='ltr'><strong>abbati</strong></span> <span class='ocrx_word' id='word_1_154' title='bbox 2080 1985 2375 2051; x_wconf 88' lang='lat' dir='ltr'><strong>celeriter</strong></span> <span class='ocrx_word' id='word_1_155' title='bbox 2409 1983 2684 2051; x_wconf 84' lang='lat' dir='ltr'><strong>deferre:</strong></span> 
     </span>
    </p>
   </div>
   <div class='ocr_carea' id='block_1_3' title="bbox 427 2071 2733 2151">
    <p class='ocr_par' dir='ltr' id='par_1_4' title="bbox 427 2071 2733 2151">
     <span class='ocr_line' id='line_1_20' title="bbox 427 2071 2733 2151; baseline -0.001 -14"><span class='ocrx_word' id='word_1_156' title='bbox 427 2072 808 2151; x_wconf 71' lang='lat' dir='ltr'><strong>*‘Videsis‘²,</strong></span> <span class='ocrx_word' id='word_1_157' title='bbox 869 2078 944 2137; x_wconf 88' lang='lat' dir='ltr'><strong>ut</strong></span> <span class='ocrx_word' id='word_1_158' title='bbox 1004 2078 1098 2137; x_wconf 89' lang='lat' dir='ltr'><strong>tot</strong></span> <span class='ocrx_word' id='word_1_159' title='bbox 1159 2072 1661 2137; x_wconf 87' lang='lat' dir='ltr'><strong>ammoniciones</strong></span> <span class='ocrx_word' id='word_1_160' title='bbox 1722 2079 1979 2139; x_wconf 88' lang='lat' dir='ltr'><strong>nostras</strong></span> <span class='ocrx_word' id='word_1_161' title='bbox 2036 2073 2131 2136; x_wconf 90' lang='lat' dir='ltr'><strong>sic</strong></span> <span class='ocrx_word' id='word_1_162' title='bbox 2181 2071 2503 2137; x_wconf 88' lang='lat' dir='ltr'><strong>incuriose</strong></span> <span class='ocrx_word' id='word_1_163' title='bbox 2556 2090 2686 2136; x_wconf 92' lang='lat' dir='ltr'><strong>non</strong></span> <span class='ocrx_word' id='word_1_164' title='bbox 2710 2091 2733 2116; x_wconf 75' lang='lat'><strong>¹·</strong></span> 
     </span>
    </p>
   </div>
   <div class='ocr_carea' id='block_1_4' title="bbox 397 2157 2689 2417">
    <p class='ocr_par' dir='ltr' id='par_1_5' title="bbox 397 2157 2689 2417">
     <span class='ocr_line' id='line_1_21' title="bbox 397 2157 2687 2242; baseline -0.001 -18"><span class='ocrx_word' id='word_1_165' title='bbox 397 2159 738 2241; x_wconf 75' lang='lat' dir='ltr'><strong>accipias,</strong></span> <span class='ocrx_word' id='word_1_166' title='bbox 801 2179 882 2222; x_wconf 91' lang='lat' dir='ltr'><strong>ne</strong></span> <span class='ocrx_word' id='word_1_167' title='bbox 934 2157 1002 2223; x_wconf 90' lang='lat' dir='ltr'><strong>in</strong></span> <span class='ocrx_word' id='word_1_168' title='bbox 1054 2164 1384 2242; x_wconf 89' lang='lat' dir='ltr'><strong>posterum</strong></span> <span class='ocrx_word' id='word_1_169' title='bbox 1435 2178 1641 2222; x_wconf 87' lang='lat' dir='ltr'><strong>vacua</strong></span> <span class='ocrx_word' id='word_1_170' title='bbox 1691 2158 2160 2222; x_wconf 87' lang='lat' dir='ltr'><strong>lamentacione</strong></span> <span class='ocrx_word' id='word_1_171' title='bbox 2220 2178 2458 2240; x_wconf 87' lang='lat' dir='ltr'><strong>gemas.</strong></span> <span class='ocrx_word' id='word_1_172' title='bbox 2563 2158 2687 2222; x_wconf 88' lang='lat' dir='ltr'><strong>Pro</strong></span> 
     </span>
     <span class='ocr_line' id='line_1_22' title="bbox 427 2242 2689 2327; baseline 0.001 -22"><span class='ocrx_word' id='word_1_173' title='bbox 427 2265 581 2309; x_wconf 85' lang='lat' dir='ltr'><strong>vero</strong></span> <span class='ocrx_word' id='word_1_174' title='bbox 634 2244 803 2308; x_wconf 89' lang='lat' dir='ltr'><strong>enim</strong></span> <span class='ocrx_word' id='word_1_175' title='bbox 857 2264 1077 2309; x_wconf 91' lang='lat' dir='ltr'><strong>assero</strong></span> <span class='ocrx_word' id='word_1_176' title='bbox 1130 2242 1281 2322; x_wconf 91' lang='lat' dir='ltr'><strong>tibi,</strong></span> <span class='ocrx_word' id='word_1_177' title='bbox 1346 2245 1402 2307; x_wconf 93' lang='lat' dir='ltr'><strong>si</strong></span> <span class='ocrx_word' id='word_1_178' title='bbox 1455 2243 1732 2327; x_wconf 88' lang='lat' dir='ltr'><strong>amplius</strong></span> <span class='ocrx_word' id='word_1_179' title='bbox 1785 2242 2161 2308; x_wconf 84' lang='lat' dir='ltr'><strong>inobediens</strong></span> <span class='ocrx_word' id='word_1_180' title='bbox 2214 2242 2375 2307; x_wconf 90' lang='lat' dir='ltr'><strong>mihi</strong></span> <span class='ocrx_word' id='word_1_181' title='bbox 2426 2243 2584 2319; x_wconf 86' lang='lat' dir='ltr'><strong>eris,</strong></span> <span class='ocrx_word' id='word_1_182' title='bbox 2646 2264 2689 2308; x_wconf 92' lang='lat' dir='ltr'><strong>a</strong></span> 
     </span>
     <span class='ocr_line' id='line_1_23' title="bbox 428 2326 2687 2417; baseline -0 -23"><span class='ocrx_word' id='word_1_183' title='bbox 428 2330 569 2395; x_wconf 92' lang='lat' dir='ltr'><strong>Deo</strong></span> <span class='ocrx_word' id='word_1_184' title='bbox 612 2330 1084 2412; x_wconf 88' lang='lat' dir='ltr'><strong>contempneris</strong></span> <span class='ocrx_word' id='word_1_185' title='bbox 1125 2335 1191 2393; x_wconf 91' lang='lat' dir='ltr'><strong>et</strong></span> <span class='ocrx_word' id='word_1_186' title='bbox 1231 2326 1376 2417; x_wconf 81' lang='lat' dir='ltr'><strong>[te]⁰</strong></span> <span class='ocrx_word' id='word_1_187' title='bbox 1413 2328 1627 2394; x_wconf 91' lang='lat' dir='ltr'><strong>adhuc</strong></span> <span class='ocrx_word' id='word_1_188' title='bbox 1664 2330 2009 2412; x_wconf 87' lang='lat' dir='ltr'><strong>superstite</strong></span> <span class='ocrx_word' id='word_1_189' title='bbox 2045 2329 2245 2393; x_wconf 90' lang='lat' dir='ltr'><strong>alium</strong></span> <span class='ocrx_word' id='word_1_190' title='bbox 2280 2330 2348 2395; x_wconf 92' lang='lat' dir='ltr'><strong>in</strong></span> <span class='ocrx_word' id='word_1_191' title='bbox 2386 2336 2502 2393; x_wconf 90' lang='lat' dir='ltr'><strong>tua</strong></span> <span class='ocrx_word' id='word_1_192' title='bbox 2538 2328 2687 2394; x_wconf 90' lang='lat' dir='ltr'><strong>sede</strong></span> 
     </span>
    </p>
   </div>
   <div class='ocr_carea' id='block_1_5' title="bbox 314 2413 2687 2499">
    <p class='ocr_par' dir='ltr' id='par_1_6' title="bbox 314 2413 2687 2499">
     <span class='ocr_line' id='line_1_24' title="bbox 314 2413 2687 2499; baseline -0.001 -17"><span class='ocrx_word' id='word_1_193' title='bbox 314 2457 325 2467; x_wconf 90' lang='lat'><strong>·</strong></span> <span class='ocrx_word' id='word_1_194' title='bbox 427 2416 761 2482; x_wconf 89' lang='lat' dir='ltr'><strong>dominum</strong></span> <span class='ocrx_word' id='word_1_195' title='bbox 800 2414 1176 2480; x_wconf 82' lang='lat' dir='ltr'><strong>videbis.’**</strong></span> <span class='ocrx_word' id='word_1_196' title='bbox 1253 2414 1450 2493; x_wconf 85' lang='lat' dir='ltr'><strong>Haec,</strong></span> <span class='ocrx_word' id='word_1_197' title='bbox 1499 2420 1575 2480; x_wconf 89' lang='lat' dir='ltr'><strong>ut</strong></span> <span class='ocrx_word' id='word_1_198' title='bbox 1620 2416 1810 2499; x_wconf 72' lang='lat' dir='ltr'><strong>puerf</strong></span> <span class='ocrx_word' id='word_1_199' title='bbox 1846 2422 2111 2479; x_wconf 88' lang='lat' dir='ltr'><strong>sanctus</strong></span> <span class='ocrx_word' id='word_1_200' title='bbox 2150 2435 2264 2499; x_wconf 89' lang='lat' dir='ltr'><strong>per</strong></span> <span class='ocrx_word' id='word_1_201' title='bbox 2302 2413 2687 2480; x_wconf 86' lang='lat' dir='ltr'><strong>monachum</strong></span> 
     </span>
    </p>
   </div>
   <div class='ocr_carea' id='block_1_6' title="bbox 427 2498 2691 2844">
    <p class='ocr_par' dir='ltr' id='par_1_7' title="bbox 427 2498 2691 2844">
     <span class='ocr_line' id='line_1_25' title="bbox 427 2498 2686 2586; baseline -0 -18"><span class='ocrx_word' id='word_1_202' title='bbox 427 2506 829 2586; x_wconf 88' lang='lat' dir='ltr'><strong>egrotantem</strong></span> <span class='ocrx_word' id='word_1_203' title='bbox 881 2500 1272 2583; x_wconf 84' lang='lat' dir='ltr'><strong>prenotavit,</strong></span> <span class='ocrx_word' id='word_1_204' title='bbox 1333 2500 1536 2567; x_wconf 85' lang='lat' dir='ltr'><strong>abbas</strong></span> <span class='ocrx_word' id='word_1_205' title='bbox 1591 2501 1971 2586; x_wconf 73' lang='lat' dir='ltr'><strong>neglegeusss</strong></span> <span class='ocrx_word' id='word_1_206' title='bbox 2023 2508 2250 2586; x_wconf 90' lang='lat' dir='ltr'><strong>postea</strong></span> <span class='ocrx_word' id='word_1_207' title='bbox 2310 2501 2626 2586; x_wconf 88' lang='lat' dir='ltr'><strong>persensit</strong></span> <span class='ocrx_word' id='word_1_208' title='bbox 2638 2498 2686 2567; x_wconf 80' lang='lat'><strong>².</strong></span> 
     </span>
     <span class='ocr_line' id='line_1_26' title="bbox 431 2586 2688 2672; baseline -0 -19"><span class='ocrx_word' id='word_1_209' title='bbox 431 2587 590 2654; x_wconf 90' lang='lat' dir='ltr'><strong>Inde</strong></span> <span class='ocrx_word' id='word_1_210' title='bbox 636 2587 944 2672; x_wconf 77' lang='lat' dir='ltr'><strong>bonorum</strong></span> <span class='ocrx_word' id='word_1_211' title='bbox 991 2588 1248 2652; x_wconf 90' lang='lat' dir='ltr'><strong>crebros</strong></span> <span class='ocrx_word' id='word_1_212' title='bbox 1292 2586 1596 2652; x_wconf 86' lang='lat' dir='ltr'><strong>hortatus</strong></span> <span class='ocrx_word' id='word_1_213' title='bbox 1640 2586 1967 2652; x_wconf 89' lang='lat' dir='ltr'><strong>hominum</strong></span> <span class='ocrx_word' id='word_1_214' title='bbox 2012 2607 2294 2666; x_wconf 86' lang='lat' dir='ltr'><strong>servare,</strong></span> <span class='ocrx_word' id='word_1_215' title='bbox 2349 2587 2688 2653; x_wconf 88' lang='lat' dir='ltr'><strong>consilium</strong></span> 
     </span>
     <span class='ocr_line' id='line_1_27' title="bbox 429 2671 2691 2757; baseline -0.001 -19"><span class='ocrx_word' id='word_1_216' title='bbox 429 2673 622 2738; x_wconf 88' lang='lat' dir='ltr'><strong>nimis</strong></span> <span class='ocrx_word' id='word_1_217' title='bbox 665 2680 766 2738; x_wconf 92' lang='lat' dir='ltr'><strong>est</strong></span> <span class='ocrx_word' id='word_1_218' title='bbox 808 2671 1094 2756; x_wconf 80' lang='lat' dir='ltr'><strong>salubre3</strong></span> <span class='ocrx_word' id='word_1_219' title='bbox 1149 2680 1394 2756; x_wconf 86' lang='lat' dir='ltr'><strong>quanto</strong></span> <span class='ocrx_word' id='word_1_220' title='bbox 1440 2675 1647 2757; x_wconf 86' lang='lat' dir='ltr'><strong>magis</strong></span> <span class='ocrx_word' id='word_1_221' title='bbox 1691 2673 1951 2750; x_wconf 86' lang='lat' dir='ltr'><strong>horum,</strong></span> <span class='ocrx_word' id='word_1_222' title='bbox 2006 2675 2117 2757; x_wconf 91' lang='lat' dir='ltr'><strong>qui</strong></span> <span class='ocrx_word' id='word_1_223' title='bbox 2168 2674 2403 2740; x_wconf 88' lang='lat' dir='ltr'><strong>merito</strong></span> <span class='ocrx_word' id='word_1_224' title='bbox 2457 2675 2691 2739; x_wconf 88' lang='lat' dir='ltr'><strong>suimet</strong></span> 
     </span>
     <span class='ocr_line' id='line_1_28' title="bbox 427 2758 2687 2844; baseline -0 -20"><span class='ocrx_word' id='word_1_225' title='bbox 427 2761 600 2824; x_wconf 89' lang='lat' dir='ltr'><strong>inter</strong></span> <span class='ocrx_word' id='word_1_226' title='bbox 637 2759 809 2824; x_wconf 86' lang='lat' dir='ltr'><strong>filios</strong></span> <span class='ocrx_word' id='word_1_227' title='bbox 853 2759 977 2824; x_wconf 91' lang='lat' dir='ltr'><strong>Dei</strong></span> <span class='ocrx_word' id='word_1_228' title='bbox 1021 2758 1295 2824; x_wconf 87' lang='lat' dir='ltr'><strong>feliciter</strong></span> <span class='ocrx_word' id='word_1_229' title='bbox 1339 2759 1709 2844; x_wconf 76' lang='lat' dir='ltr'><strong>¹&#39;conputati</strong></span> <span class='ocrx_word' id='word_1_230' title='bbox 1742 2760 2137 2825; x_wconf 88' lang='lat' dir='ltr'><strong>voluntatem</strong></span> <span class='ocrx_word' id='word_1_231' title='bbox 2180 2761 2319 2824; x_wconf 90' lang='lat' dir='ltr'><strong>eius</strong></span> <span class='ocrx_word' id='word_1_232' title='bbox 2364 2760 2576 2825; x_wconf 89' lang='lat' dir='ltr'><strong>sciunt</strong></span> <span class='ocrx_word' id='word_1_233' title='bbox 2618 2760 2687 2823; x_wconf 89' lang='lat' dir='ltr'><strong>in</strong></span> 
     </span>
    </p>
   </div>
   <div class='ocr_carea' id='block_1_7' title="bbox 508 2895 2691 4202">
    <p class='ocr_par' dir='ltr' id='par_1_8' title="bbox 543 2895 2691 3790">
     <span class='ocr_line' id='line_1_29' title="bbox 543 2895 2689 2966; baseline -0.001 -14"><span class='ocrx_word' id='word_1_234' title='bbox 543 2895 604 2964; x_wconf 68' lang='lat'><strong>³¹³)</strong></span> <span class='ocrx_word' id='word_1_235' title='bbox 642 2897 937 2966; x_wconf 76' lang='lat' dir='ltr'><strong>Sequentia</strong></span> <span class='ocrx_word' id='word_1_236' title='bbox 970 2899 1050 2952; x_wconf 77' lang='lat' dir='ltr'><strong>ita</strong></span> <span class='ocrx_word' id='word_1_237' title='bbox 1085 2898 1294 2952; x_wconf 78' lang='lat' dir='ltr'><strong>exhibet</strong></span> <span class='ocrx_word' id='word_1_238' title='bbox 1329 2899 1394 2962; x_wconf 79' lang='grc'><strong>2.,</strong></span> <span class='ocrx_word' id='word_1_239' title='bbox 1433 2914 1550 2952; x_wconf 82' lang='lat' dir='ltr'><strong>cum</strong></span> <span class='ocrx_word' id='word_1_240' title='bbox 1624 2913 1696 2951; x_wconf 82' lang='lat' dir='ltr'><strong>uo</strong></span> <span class='ocrx_word' id='word_1_241' title='bbox 1734 2897 1798 2951; x_wconf 85' lang='lat' dir='ltr'><strong>A.</strong></span> <span class='ocrx_word' id='word_1_242' title='bbox 1830 2896 1886 2950; x_wconf 80' lang='lat' dir='ltr'><strong>S.</strong></span> <span class='ocrx_word' id='word_1_243' title='bbox 1925 2915 1975 2952; x_wconf 85' lang='lat' dir='ltr'><strong>a.</strong></span> <span class='ocrx_word' id='word_1_244' title='bbox 2004 2899 2100 2952; x_wconf 89' lang='grc'><strong>891</strong></span> <span class='ocrx_word' id='word_1_245' title='bbox 2141 2901 2409 2954; x_wconf 81' lang='lat' dir='ltr'><strong>convenit.-</strong></span> <span class='ocrx_word' id='word_1_246' title='bbox 2460 2895 2559 2952; x_wconf 88' lang='lat' dir='ltr'><strong>Cui</strong></span> <span class='ocrx_word' id='word_1_247' title='bbox 2594 2914 2689 2966; x_wconf 90' lang='lat' dir='ltr'><strong>pro</strong></span> 
     </span>
     <span class='ocr_line' id='line_1_30' title="bbox 637 2964 2688 3035; baseline 0 -15"><span class='ocrx_word' id='word_1_248' title='bbox 637 2964 872 3020; x_wconf 86' lang='lat' dir='ltr'><strong>remedio</strong></span> <span class='ocrx_word' id='word_1_249' title='bbox 909 2969 1176 3020; x_wconf 87' lang='lat' dir='ltr'><strong>ostensum</strong></span> <span class='ocrx_word' id='word_1_250' title='bbox 1223 2968 1306 3020; x_wconf 89' lang='lat' dir='ltr'><strong>est</strong></span> <span class='ocrx_word' id='word_1_251' title='bbox 1341 2983 1374 3020; x_wconf 90' lang='lat' dir='ltr'><strong>a</strong></span> <span class='ocrx_word' id='word_1_252' title='bbox 1409 2966 1601 3035; x_wconf 89' lang='lat' dir='ltr'><strong>quibus</strong></span> <span class='ocrx_word' id='word_1_253' title='bbox 1641 2983 1751 3028; x_wconf 88' lang='lat' dir='ltr'><strong>am,</strong></span> <span class='ocrx_word' id='word_1_254' title='bbox 1796 2969 1861 3020; x_wconf 88' lang='lat' dir='ltr'><strong>ut</strong></span> <span class='ocrx_word' id='word_1_255' title='bbox 1895 2966 2063 3020; x_wconf 88' lang='lat' dir='ltr'><strong>secari</strong></span> <span class='ocrx_word' id='word_1_256' title='bbox 2098 2967 2152 3020; x_wconf 89' lang='lat' dir='ltr'><strong>in</strong></span> <span class='ocrx_word' id='word_1_257' title='bbox 2191 2967 2367 3034; x_wconf 85' lang='lat' dir='ltr'><strong>capite</strong></span> <span class='ocrx_word' id='word_1_258' title='bbox 2402 2965 2688 3029; x_wconf 86' lang='lat' dir='ltr'><strong>debuisset,</strong></span> 
     </span>
     <span class='ocr_line' id='line_1_31' title="bbox 637 3033 2688 3104; baseline -0 -16"><span class='ocrx_word' id='word_1_259' title='bbox 637 3033 781 3104; x_wconf 88' lang='lat' dir='ltr'><strong>quod</strong></span> <span class='ocrx_word' id='word_1_260' title='bbox 817 3037 876 3088; x_wconf 84' lang='lat' dir='ltr'><strong>et</strong></span> <span class='ocrx_word' id='word_1_261' title='bbox 905 3033 1109 3088; x_wconf 83' lang='lat' dir='ltr'><strong>factum</strong></span> <span class='ocrx_word' id='word_1_262' title='bbox 1145 3037 1242 3098; x_wconf 86' lang='lat' dir='ltr'><strong>est,</strong></span> <span class='ocrx_word' id='word_1_263' title='bbox 1278 3034 1371 3088; x_wconf 87' lang='lat' dir='ltr'><strong>sed</strong></span> <span class='ocrx_word' id='word_1_264' title='bbox 1398 3034 1463 3089; x_wconf 91' lang='lat' dir='ltr'><strong>de</strong></span> <span class='ocrx_word' id='word_1_265' title='bbox 1489 3033 1577 3088; x_wconf 88' lang='lat' dir='ltr'><strong>die</strong></span> <span class='ocrx_word' id='word_1_266' title='bbox 1602 3035 1661 3088; x_wconf 92' lang='lat' dir='ltr'><strong>in</strong></span> <span class='ocrx_word' id='word_1_267' title='bbox 1688 3033 1832 3088; x_wconf 86' lang='lat' dir='ltr'><strong>diem</strong></span> <span class='ocrx_word' id='word_1_268' title='bbox 1860 3034 2010 3089; x_wconf 90' lang='lat' dir='ltr'><strong>dolor</strong></span> <span class='ocrx_word' id='word_1_269' title='bbox 2036 3035 2338 3104; x_wconf 86' lang='lat' dir='ltr'><strong>augebatur</strong></span> <span class='ocrx_word' id='word_1_270' title='bbox 2370 3035 2428 3089; x_wconf 92' lang='lat' dir='ltr'><strong>in</strong></span> <span class='ocrx_word' id='word_1_271' title='bbox 2457 3038 2688 3098; x_wconf 86' lang='lat' dir='ltr'><strong>tantum,</strong></span> 
     </span>
     <span class='ocr_line' id='line_1_32' title="bbox 635 3102 2689 3172; baseline 0 -16"><span class='ocrx_word' id='word_1_272' title='bbox 635 3109 700 3158; x_wconf 91' lang='lat' dir='ltr'><strong>ut</strong></span> <span class='ocrx_word' id='word_1_273' title='bbox 744 3103 854 3158; x_wconf 87' lang='lat' dir='ltr'><strong>iam</strong></span> <span class='ocrx_word' id='word_1_274' title='bbox 898 3102 989 3157; x_wconf 89' lang='lat' dir='ltr'><strong>des</strong></span> <span class='ocrx_word' id='word_1_275' title='bbox 1029 3107 1219 3158; x_wconf 83' lang='lat' dir='ltr'><strong>eraret.</strong></span> <span class='ocrx_word' id='word_1_276' title='bbox 1299 3103 1404 3158; x_wconf 87' lang='lat' dir='ltr'><strong>Sed</strong></span> <span class='ocrx_word' id='word_1_277' title='bbox 1449 3131 1512 3141; x_wconf 92' lang='lat'><strong>—</strong></span> <span class='ocrx_word' id='word_1_278' title='bbox 1566 3120 1690 3158; x_wconf 87' lang='lat' dir='ltr'><strong>casu</strong></span> <span class='ocrx_word' id='word_1_279' title='bbox 1726 3103 1925 3158; x_wconf 85' lang='lat' dir='ltr'><strong>accidit</strong></span> <span class='ocrx_word' id='word_1_280' title='bbox 1968 3106 2030 3158; x_wconf 90' lang='lat' dir='ltr'><strong>ut</strong></span> <span class='ocrx_word' id='word_1_281' title='bbox 2065 3105 2268 3172; x_wconf 85' lang='lat' dir='ltr'><strong>singuli</strong></span> <span class='ocrx_word' id='word_1_282' title='bbox 2304 3121 2350 3158; x_wconf 90' lang='lat' dir='ltr'><strong>e.</strong></span> <span class='ocrx_word' id='word_1_283' title='bbox 2375 3103 2429 3158; x_wconf 91' lang='lat' dir='ltr'><strong>h.</strong></span> <span class='ocrx_word' id='word_1_284' title='bbox 2456 3104 2507 3159; x_wconf 90' lang='lat' dir='ltr'><strong>d.</strong></span> <span class='ocrx_word' id='word_1_285' title='bbox 2534 3121 2577 3157; x_wconf 80' lang='lat' dir='ltr'><strong>e.</strong></span> <span class='ocrx_word' id='word_1_286' title='bbox 2612 3104 2689 3157; x_wconf 88' lang='lat' dir='ltr'><strong>ia-</strong></span> 
     </span>
     <span class='ocr_line' id='line_1_33' title="bbox 637 3171 2689 3241; baseline 0 -15"><span class='ocrx_word' id='word_1_287' title='bbox 637 3175 845 3226; x_wconf 89' lang='lat' dir='ltr'><strong>centem</strong></span> <span class='ocrx_word' id='word_1_288' title='bbox 869 3189 911 3225; x_wconf 89' lang='lat' dir='ltr'><strong>r.</strong></span> <span class='ocrx_word' id='word_1_289' title='bbox 1048 3189 1113 3229; x_wconf 87' lang='lat' dir='ltr'><strong>nc</strong></span> <span class='ocrx_word' id='word_1_290' title='bbox 1137 3189 1165 3226; x_wconf 91' lang='lat' dir='ltr'><strong>e</strong></span> <span class='ocrx_word' id='word_1_291' title='bbox 1202 3172 1381 3227; x_wconf 88' lang='lat' dir='ltr'><strong>cloaca</strong></span> <span class='ocrx_word' id='word_1_292' title='bbox 1405 3172 1544 3226; x_wconf 86' lang='lat' dir='ltr'><strong>vidit</strong></span> <span class='ocrx_word' id='word_1_293' title='bbox 1568 3175 1774 3241; x_wconf 88' lang='lat' dir='ltr'><strong>septem</strong></span> <span class='ocrx_word' id='word_1_294' title='bbox 1797 3171 2047 3226; x_wconf 90' lang='lat' dir='ltr'><strong>demones</strong></span> <span class='ocrx_word' id='word_1_295' title='bbox 2068 3173 2371 3228; x_wconf 87' lang='lat' dir='ltr'><strong>teterrimos</strong></span> <span class='ocrx_word' id='word_1_296' title='bbox 2395 3172 2689 3241; x_wconf 88' lang='lat' dir='ltr'><strong>procedere.</strong></span> 
     </span>
     <span class='ocr_line' id='line_1_34' title="bbox 637 3239 2689 3310; baseline -0 -15"><span class='ocrx_word' id='word_1_297' title='bbox 637 3241 736 3295; x_wconf 86' lang='lat' dir='ltr'><strong>Sex</strong></span> <span class='ocrx_word' id='word_1_298' title='bbox 782 3257 962 3295; x_wconf 89' lang='lat' dir='ltr'><strong>eorum</strong></span> <span class='ocrx_word' id='word_1_299' title='bbox 1009 3241 1211 3310; x_wconf 88' lang='lat' dir='ltr'><strong>singuli</strong></span> <span class='ocrx_word' id='word_1_300' title='bbox 1253 3240 1546 3308; x_wconf 86' lang='lat' dir='ltr'><strong>portabant</strong></span> <span class='ocrx_word' id='word_1_301' title='bbox 1580 3241 1638 3294; x_wconf 90' lang='lat' dir='ltr'><strong>in</strong></span> <span class='ocrx_word' id='word_1_302' title='bbox 1674 3239 1921 3295; x_wconf 88' lang='lat' dir='ltr'><strong>manibus</strong></span> <span class='ocrx_word' id='word_1_303' title='bbox 1956 3257 2047 3295; x_wconf 87' lang='lat' dir='ltr'><strong>sex</strong></span> <span class='ocrx_word' id='word_1_304' title='bbox 2081 3241 2263 3304; x_wconf 88' lang='lat' dir='ltr'><strong>libros,</strong></span> <span class='ocrx_word' id='word_1_305' title='bbox 2300 3240 2357 3294; x_wconf 91' lang='lat' dir='ltr'><strong>id</strong></span> <span class='ocrx_word' id='word_1_306' title='bbox 2392 3244 2475 3296; x_wconf 88' lang='lat' dir='ltr'><strong>est</strong></span> <span class='ocrx_word' id='word_1_307' title='bbox 2507 3257 2689 3296; x_wconf 88' lang='lat' dir='ltr'><strong>omnes</strong></span> 
     </span>
     <span class='ocr_line' id='line_1_35' title="bbox 636 3309 2691 3378; baseline 0.001 -16"><span class='ocrx_word' id='word_1_308' title='bbox 636 3309 888 3364; x_wconf 88' lang='lat' dir='ltr'>XXXVI.</span> <span class='ocrx_word' id='word_1_309' title='bbox 973 3309 1242 3377; x_wconf 88' lang='lat' dir='ltr'><strong>Septimus</strong></span> <span class='ocrx_word' id='word_1_310' title='bbox 1277 3326 1402 3365; x_wconf 86' lang='lat' dir='ltr'><strong>vero</strong></span> <span class='ocrx_word' id='word_1_311' title='bbox 1435 3311 1695 3364; x_wconf 86' lang='lat' dir='ltr'><strong>immense</strong></span> <span class='ocrx_word' id='word_1_312' title='bbox 1730 3309 2122 3378; x_wconf 85' lang='lat' dir='ltr'><strong>magnitudinis</strong></span> <span class='ocrx_word' id='word_1_313' title='bbox 2157 3310 2404 3364; x_wconf 89' lang='lat' dir='ltr'><strong>volumen</strong></span> <span class='ocrx_word' id='word_1_314' title='bbox 2439 3310 2691 3378; x_wconf 88' lang='lat' dir='ltr'><strong>gestabat</strong></span> 
     </span>
     <span class='ocr_line' id='line_1_36' title="bbox 637 3377 2687 3448; baseline 0 -16"><span class='ocrx_word' id='word_1_315' title='bbox 637 3381 694 3432; x_wconf 86' lang='lat' dir='ltr'><strong>et</strong></span> <span class='ocrx_word' id='word_1_316' title='bbox 728 3377 915 3432; x_wconf 85' lang='lat' dir='ltr'><strong>sedens</strong></span> <span class='ocrx_word' id='word_1_317' title='bbox 951 3379 1178 3432; x_wconf 90' lang='lat' dir='ltr'><strong>lectione</strong></span> <span class='ocrx_word' id='word_1_318' title='bbox 1215 3377 1327 3431; x_wconf 87' lang='lat' dir='ltr'><strong>eius</strong></span> <span class='ocrx_word' id='word_1_319' title='bbox 1372 3379 1526 3447; x_wconf 85' lang='lat' dir='ltr'><strong>gravi</strong></span> <span class='ocrx_word' id='word_1_320' title='bbox 1571 3377 1843 3432; x_wconf 87' lang='lat' dir='ltr'><strong>infirmum</strong></span> <span class='ocrx_word' id='word_1_321' title='bbox 1881 3378 1946 3432; x_wconf 92' lang='lat' dir='ltr'><strong>de</strong></span> <span class='ocrx_word' id='word_1_322' title='bbox 1982 3379 2091 3432; x_wconf 86' lang='lat' dir='ltr'><strong>suis</strong></span> <span class='ocrx_word' id='word_1_323' title='bbox 2126 3378 2446 3442; x_wconf 86' lang='lat' dir='ltr'><strong>actionibus,</strong></span> <span class='ocrx_word' id='word_1_324' title='bbox 2483 3395 2584 3448; x_wconf 91' lang='lat' dir='ltr'><strong>que</strong></span> <span class='ocrx_word' id='word_1_325' title='bbox 2620 3378 2687 3432; x_wconf 83' lang='lat' dir='ltr'><strong>ab</strong></span> 
     </span>
     <span class='ocr_line' id='line_1_37' title="bbox 637 3445 2688 3518; baseline -0 -16"><span class='ocrx_word' id='word_1_326' title='bbox 637 3446 876 3502; x_wconf 86' lang='lat' dir='ltr'><strong>infancia</strong></span> <span class='ocrx_word' id='word_1_327' title='bbox 919 3447 1005 3500; x_wconf 90' lang='lat' dir='ltr'><strong>vel</strong></span> <span class='ocrx_word' id='word_1_328' title='bbox 1051 3445 1338 3515; x_wconf 84' lang='lat' dir='ltr'><strong>cogitando</strong></span> <span class='ocrx_word' id='word_1_329' title='bbox 1383 3448 1468 3502; x_wconf 87' lang='lat' dir='ltr'><strong>vel</strong></span> <span class='ocrx_word' id='word_1_330' title='bbox 1512 3447 1776 3518; x_wconf 87' lang='lat' dir='ltr'><strong>loquendo</strong></span> <span class='ocrx_word' id='word_1_331' title='bbox 1824 3447 1913 3501; x_wconf 89' lang='lat' dir='ltr'><strong>vel</strong></span> <span class='ocrx_word' id='word_1_332' title='bbox 1954 3446 2218 3515; x_wconf 87' lang='lat' dir='ltr'><strong>operando</strong></span> <span class='ocrx_word' id='word_1_333' title='bbox 2260 3463 2425 3517; x_wconf 88' lang='lat' dir='ltr'><strong>usque</strong></span> <span class='ocrx_word' id='word_1_334' title='bbox 2466 3447 2524 3501; x_wconf 92' lang='lat' dir='ltr'><strong>in</strong></span> <span class='ocrx_word' id='word_1_335' title='bbox 2570 3463 2688 3501; x_wconf 85' lang='lat' dir='ltr'><strong>eam</strong></span> 
     </span>
     <span class='ocr_line' id='line_1_38' title="bbox 639 3515 2689 3586; baseline 0 -16"><span class='ocrx_word' id='word_1_336' title='bbox 639 3517 829 3570; x_wconf 88' lang='lat' dir='ltr'><strong>horam</strong></span> <span class='ocrx_word' id='word_1_337' title='bbox 883 3532 1135 3586; x_wconf 85' lang='lat' dir='ltr'><strong>umquam</strong></span> <span class='ocrx_word' id='word_1_338' title='bbox 1183 3520 1437 3584; x_wconf 87' lang='lat' dir='ltr'><strong>gesserat,</strong></span> <span class='ocrx_word' id='word_1_339' title='bbox 1483 3517 1540 3570; x_wconf 87' lang='lat' dir='ltr'><strong>iu</strong></span> <span class='ocrx_word' id='word_1_340' title='bbox 1589 3533 1781 3570; x_wconf 87' lang='lat' dir='ltr'><strong>vanum</strong></span> <span class='ocrx_word' id='word_1_341' title='bbox 1824 3515 2077 3570; x_wconf 86' lang='lat' dir='ltr'><strong>terrebat.</strong></span> <span class='ocrx_word' id='word_1_342' title='bbox 2156 3515 2427 3571; x_wconf 84' lang='lat' dir='ltr'><strong>Preciosus</strong></span> <span class='ocrx_word' id='word_1_343' title='bbox 2460 3532 2689 3586; x_wconf 89' lang='lat' dir='ltr'><strong>namque</strong></span> 
     </span>
     <span class='ocr_line' id='line_1_39' title="bbox 637 3581 2689 3654; baseline 0 -16"><span class='ocrx_word' id='word_1_344' title='bbox 637 3585 832 3638; x_wconf 86' lang='lat' dir='ltr'><strong>martir</strong></span> <span class='ocrx_word' id='word_1_345' title='bbox 865 3581 1040 3650; x_wconf 85' lang='lat' dir='ltr'><strong>Vitus,</strong></span> <span class='ocrx_word' id='word_1_346' title='bbox 1085 3588 1232 3638; x_wconf 89' lang='lat' dir='ltr'><strong>veste</strong></span> <span class='ocrx_word' id='word_1_347' title='bbox 1275 3583 1490 3653; x_wconf 83' lang='lat' dir='ltr'><strong>fulgida</strong></span> <span class='ocrx_word' id='word_1_348' title='bbox 1525 3583 1761 3648; x_wconf 76' lang='lat' dir='ltr'><strong>indutae,</strong></span> <span class='ocrx_word' id='word_1_349' title='bbox 1806 3585 1961 3638; x_wconf 88' lang='lat' dir='ltr'><strong>vultu</strong></span> <span class='ocrx_word' id='word_1_350' title='bbox 2006 3585 2251 3654; x_wconf 88' lang='lat' dir='ltr'><strong>angelico</strong></span> <span class='ocrx_word' id='word_1_351' title='bbox 2300 3585 2623 3653; x_wconf 81' lang='lat' dir='ltr'><strong>conspicuuS,</strong></span> <span class='ocrx_word' id='word_1_352' title='bbox 2661 3600 2689 3638; x_wconf 91' lang='lat' dir='ltr'><strong>e</strong></span> 
     </span>
     <span class='ocr_line' id='line_1_40' title="bbox 635 3651 2689 3724; baseline -0.001 -16"><span class='ocrx_word' id='word_1_353' title='bbox 635 3654 838 3721; x_wconf 88' lang='lat' dir='ltr'><strong>templo</strong></span> <span class='ocrx_word' id='word_1_354' title='bbox 883 3652 1033 3717; x_wconf 90' lang='lat' dir='ltr'><strong>celle,</strong></span> <span class='ocrx_word' id='word_1_355' title='bbox 1079 3654 1137 3707; x_wconf 91' lang='lat' dir='ltr'><strong>in</strong></span> <span class='ocrx_word' id='word_1_356' title='bbox 1185 3669 1292 3722; x_wconf 90' lang='lat' dir='ltr'><strong>qua</strong></span> <span class='ocrx_word' id='word_1_357' title='bbox 1327 3669 1454 3724; x_wconf 89' lang='lat' dir='ltr'><strong>eger</strong></span> <span class='ocrx_word' id='word_1_358' title='bbox 1487 3653 1715 3714; x_wconf 86' lang='lat' dir='ltr'><strong>iacebat,</strong></span> <span class='ocrx_word' id='word_1_359' title='bbox 1762 3654 2012 3722; x_wconf 90' lang='lat' dir='ltr'><strong>contiguo</strong></span> <span class='ocrx_word' id='word_1_360' title='bbox 2057 3653 2341 3722; x_wconf 87' lang='lat' dir='ltr'><strong>procedens</strong></span> <span class='ocrx_word' id='word_1_361' title='bbox 2386 3651 2689 3722; x_wconf 87' lang='lat' dir='ltr'><strong>ingreditur</strong></span> 
     </span>
     <span class='ocr_line' id='line_1_41' title="bbox 637 3720 1840 3790; baseline -0.001 -13"><span class='ocrx_word' id='word_1_362' title='bbox 637 3727 694 3777; x_wconf 89' lang='lat' dir='ltr'><strong>et</strong></span> <span class='ocrx_word' id='word_1_363' title='bbox 727 3721 980 3775; x_wconf 88' lang='lat' dir='ltr'><strong>inmunde</strong></span> <span class='ocrx_word' id='word_1_364' title='bbox 1015 3721 1173 3776; x_wconf 87' lang='lat' dir='ltr'><strong>turbe</strong></span> <span class='ocrx_word' id='word_1_365' title='bbox 1208 3721 1394 3790; x_wconf 85' lang='lat' dir='ltr'><strong>fugam</strong></span> <span class='ocrx_word' id='word_1_366' title='bbox 1429 3731 1592 3776; x_wconf 86' lang='lat' dir='ltr'><strong>manu</strong></span> <span class='ocrx_word' id='word_1_367' title='bbox 1628 3720 1840 3776; x_wconf 82' lang='lat' dir='ltr'><strong>indixit.</strong></span> 
     </span>
    </p>

    <p class='ocr_par' dir='ltr' id='par_1_9' title="bbox 508 3791 1391 3859">
     <span class='ocr_line' id='line_1_42' title="bbox 508 3791 1391 3859; baseline -0.003 -12"><span class='ocrx_word' id='word_1_368' title='bbox 508 3791 602 3849; x_wconf 60' lang='grc' dir='ltr'><strong>*ἣ</strong></span> <span class='ocrx_word' id='word_1_369' title='bbox 641 3791 819 3847; x_wconf 76' lang='lat' dir='ltr'><strong>Codex</strong></span> <span class='ocrx_word' id='word_1_370' title='bbox 853 3793 886 3845; x_wconf 84' lang='lat'>2</span> <span class='ocrx_word' id='word_1_371' title='bbox 917 3794 1123 3859; x_wconf 70' lang='lat' dir='ltr'><strong>perqic:</strong></span> <span class='ocrx_word' id='word_1_372' title='bbox 1385 3846 1391 3852; x_wconf 74' lang='grc'><strong>,</strong></span> 
     </span>
    </p>

    <p class='ocr_par' dir='ltr' id='par_1_10' title="bbox 737 3858 2089 3927">
     <span class='ocr_line' id='line_1_43' title="bbox 737 3858 2089 3927; baseline 0 -15"><span class='ocrx_word' id='word_1_373' title='bbox 737 3859 962 3914; x_wconf 85' lang='lat' dir='ltr'><strong>Dixerat</strong></span> <span class='ocrx_word' id='word_1_374' title='bbox 997 3860 1093 3914; x_wconf 90' lang='lat' dir='ltr'><strong>hec</strong></span> <span class='ocrx_word' id='word_1_375' title='bbox 1130 3865 1313 3913; x_wconf 86' lang='lat' dir='ltr'><strong>astans</strong></span> <span class='ocrx_word' id='word_1_376' title='bbox 1349 3863 1405 3913; x_wconf 92' lang='lat' dir='ltr'><strong>et</strong></span> <span class='ocrx_word' id='word_1_377' title='bbox 1440 3876 1560 3914; x_wconf 86' lang='lat' dir='ltr'><strong>mox</strong></span> <span class='ocrx_word' id='word_1_378' title='bbox 1596 3858 1861 3927; x_wconf 87' lang='lat' dir='ltr'><strong>disparuit</strong></span> <span class='ocrx_word' id='word_1_379' title='bbox 1895 3858 2089 3913; x_wconf 79' lang='lat' dir='ltr'><strong>infans,</strong></span> 
     </span>
    </p>

    <p class='ocr_par' dir='ltr' id='par_1_11' title="bbox 635 3926 2689 4202">
     <span class='ocr_line' id='line_1_44' title="bbox 739 3926 2688 3997; baseline -0.001 -16"><span class='ocrx_word' id='word_1_380' title='bbox 739 3927 852 3982; x_wconf 89' lang='lat' dir='ltr'><strong>Hec</strong></span> <span class='ocrx_word' id='word_1_381' title='bbox 889 3931 1069 3982; x_wconf 88' lang='lat' dir='ltr'><strong>autem</strong></span> <span class='ocrx_word' id='word_1_382' title='bbox 1103 3931 1167 3982; x_wconf 89' lang='lat' dir='ltr'><strong>ut</strong></span> <span class='ocrx_word' id='word_1_383' title='bbox 1201 3928 1465 3995; x_wconf 83' lang='lat' dir='ltr'><strong>preciosus</strong></span> <span class='ocrx_word' id='word_1_384' title='bbox 1492 3929 1704 3990; x_wconf 86' lang='lat' dir='ltr'><strong>martir,</strong></span> <span class='ocrx_word' id='word_1_385' title='bbox 1741 3944 1873 3996; x_wconf 87' lang='lat' dir='ltr'><strong>puer</strong></span> <span class='ocrx_word' id='word_1_386' title='bbox 1896 3929 2118 3997; x_wconf 88' lang='lat' dir='ltr'><strong>inquam</strong></span> <span class='ocrx_word' id='word_1_387' title='bbox 2146 3927 2320 3990; x_wconf 80' lang='lat' dir='ltr'><strong>vitus,</strong></span> <span class='ocrx_word' id='word_1_388' title='bbox 2347 3944 2399 3994; x_wconf 91' lang='lat' dir='ltr'><strong>p.</strong></span> <span class='ocrx_word' id='word_1_389' title='bbox 2427 3944 2497 3980; x_wconf 90' lang='lat' dir='ltr'><strong>m.</strong></span> <span class='ocrx_word' id='word_1_390' title='bbox 2528 3944 2572 3982; x_wconf 93' lang='lat' dir='ltr'><strong>e.</strong></span> <span class='ocrx_word' id='word_1_391' title='bbox 2600 3926 2688 3980; x_wconf 91' lang='lat' dir='ltr'><strong>de-</strong></span> 
     </span>
     <span class='ocr_line' id='line_1_45' title="bbox 636 3996 2687 4065; baseline -0 -16"><span class='ocrx_word' id='word_1_392' title='bbox 636 3997 928 4060; x_wconf 87' lang='lat' dir='ltr'><strong>nunciavit,</strong></span> <span class='ocrx_word' id='word_1_393' title='bbox 971 4014 1019 4051; x_wconf 89' lang='lat' dir='ltr'><strong>a.</strong></span> <span class='ocrx_word' id='word_1_394' title='bbox 1048 4015 1099 4051; x_wconf 90' lang='lat' dir='ltr'><strong>n.</strong></span> <span class='ocrx_word' id='word_1_395' title='bbox 1127 4013 1178 4064; x_wconf 91' lang='lat' dir='ltr'><strong>p.</strong></span> <span class='ocrx_word' id='word_1_396' title='bbox 1206 4014 1258 4065; x_wconf 95' lang='lat' dir='ltr'><strong>p.</strong></span> <span class='ocrx_word' id='word_1_397' title='bbox 1340 3996 1482 4051; x_wconf 89' lang='lat' dir='ltr'><strong>Nam</strong></span> <span class='ocrx_word' id='word_1_398' title='bbox 1519 3997 1571 4050; x_wconf 88' lang='lat' dir='ltr'><strong>ei</strong></span> <span class='ocrx_word' id='word_1_399' title='bbox 1606 3996 1777 4051; x_wconf 87' lang='lat' dir='ltr'><strong>adhuc</strong></span> <span class='ocrx_word' id='word_1_400' title='bbox 1812 3997 2014 4050; x_wconf 87' lang='lat' dir='ltr'><strong>viventi</strong></span> <span class='ocrx_word' id='word_1_401' title='bbox 2058 4013 2120 4050; x_wconf 86' lang='lat' dir='ltr'><strong>su</strong></span> <span class='ocrx_word' id='word_1_402' title='bbox 2157 3996 2361 4063; x_wconf 86' lang='lat' dir='ltr'><strong>positus</strong></span> <span class='ocrx_word' id='word_1_403' title='bbox 2404 3999 2488 4050; x_wconf 90' lang='lat' dir='ltr'><strong>est</strong></span> <span class='ocrx_word' id='word_1_404' title='bbox 2520 3996 2687 4064; x_wconf 86' lang='lat' dir='ltr'><strong>ipsius</strong></span> 
     </span>
     <span class='ocr_line' id='line_1_46' title="bbox 635 4013 2689 4147; baseline -0 -28"><span class='ocrx_word' id='word_1_405' title='bbox 635 4067 830 4147; x_wconf 74' lang='lat' dir='ltr'><strong>rogatu</strong></span> <span class='ocrx_word' id='word_1_406' title='bbox 866 4065 1186 4120; x_wconf 88' lang='lat' dir='ltr'><strong>venerabilis</strong></span> <span class='ocrx_word' id='word_1_407' title='bbox 1224 4065 1390 4120; x_wconf 89' lang='lat' dir='ltr'><strong>abbas</strong></span> <span class='ocrx_word' id='word_1_408' title='bbox 1427 4065 1587 4130; x_wconf 89' lang='lat' dir='ltr'><strong>Bov0,</strong></span> <span class='ocrx_word' id='word_1_409' title='bbox 1624 4066 1707 4119; x_wconf 88' lang='lat' dir='ltr'><strong>vir</strong></span> <span class='ocrx_word' id='word_1_410' title='bbox 1741 4066 1886 4121; x_wconf 88' lang='lat' dir='ltr'><strong>omui</strong></span> <span class='ocrx_word' id='word_1_411' title='bbox 1922 4065 2077 4119; x_wconf 86' lang='lat' dir='ltr'><strong>laude</strong></span> <span class='ocrx_word' id='word_1_412' title='bbox 2115 4013 2477 4133; x_wconf 61' lang='lat' dir='ltr'><strong>dignissimus</strong></span> <span class='ocrx_word' id='word_1_413' title='bbox 2546 4065 2689 4119; x_wconf 90' lang='lat' dir='ltr'><strong>Hinc</strong></span> 
     </span>
     <span class='ocr_line' id='line_1_47' title="bbox 637 4133 2644 4202; baseline -0 -12"><span class='ocrx_word' id='word_1_414' title='bbox 637 4137 810 4202; x_wconf 89' lang='lat' dir='ltr'><strong>1g1tur</strong></span> <span class='ocrx_word' id='word_1_415' title='bbox 842 4133 1098 4190; x_wconf 87' lang='lat' dir='ltr'><strong>bonorum</strong></span> <span class='ocrx_word' id='word_1_416' title='bbox 1135 4151 1177 4188; x_wconf 90' lang='lat' dir='ltr'><strong>c.</strong></span> <span class='ocrx_word' id='word_1_417' title='bbox 1205 4133 1258 4189; x_wconf 86' lang='lat' dir='ltr'><strong>h.</strong></span> <span class='ocrx_word' id='word_1_418' title='bbox 1284 4134 1336 4189; x_wconf 92' lang='lat' dir='ltr'><strong>h.</strong></span> <span class='ocrx_word' id='word_1_419' title='bbox 2640 4154 2644 4160; x_wconf 92' lang='lat'>·</span> 
     </span>
    </p>
   </div>
   <div class='ocr_carea' id='block_1_8' title="bbox 429 4250 2686 4356">
    <p class='ocr_par' dir='ltr' id='par_1_12' title="bbox 429 4250 2686 4356">
     <span class='ocr_line' id='line_1_48' title="bbox 429 4250 2686 4304; baseline 0.001 -14"><span class='ocrx_word' id='word_1_420' title='bbox 429 4250 476 4304; x_wconf 72' lang='lat' dir='ltr'><strong>a)</strong></span> <span class='ocrx_word' id='word_1_421' title='bbox 516 4262 540 4290; x_wconf 86' lang='lat' dir='ltr'><strong>c</strong></span> <span class='ocrx_word' id='word_1_422' title='bbox 569 4264 730 4294; x_wconf 61' lang='lat' dir='ltr'><strong>erasum</strong></span> <span class='ocrx_word' id='word_1_423' title='bbox 757 4256 798 4294; x_wconf 80' lang='lat'><strong>1.</strong></span> <span class='ocrx_word' id='word_1_424' title='bbox 913 4253 960 4301; x_wconf 88' lang='lat' dir='ltr'><strong>b)</strong></span> <span class='ocrx_word' id='word_1_425' title='bbox 1003 4264 1086 4303; x_wconf 88' lang='lat' dir='ltr'><strong>que</strong></span> <span class='ocrx_word' id='word_1_426' title='bbox 1113 4264 1274 4294; x_wconf 73' lang='lat' dir='ltr'><strong>meum</strong></span> <span class='ocrx_word' id='word_1_427' title='bbox 1301 4255 1339 4293; x_wconf 85' lang='lat'><strong>1.</strong></span> <span class='ocrx_word' id='word_1_428' title='bbox 1453 4253 1494 4304; x_wconf 77' lang='lat' dir='ltr'><strong>c)</strong></span> <span class='ocrx_word' id='word_1_429' title='bbox 1531 4253 1709 4294; x_wconf 80' lang='lat' dir='ltr'><strong>easdem</strong></span> <span class='ocrx_word' id='word_1_430' title='bbox 1736 4253 1791 4294; x_wconf 86' lang='lat' dir='ltr'><strong>D.</strong></span> <span class='ocrx_word' id='word_1_431' title='bbox 1906 4251 1952 4303; x_wconf 89' lang='lat' dir='ltr'><strong>d)</strong></span> <span class='ocrx_word' id='word_1_432' title='bbox 1993 4252 2055 4292; x_wconf 71' lang='lat' dir='ltr'><strong>uls</strong></span> <span class='ocrx_word' id='word_1_433' title='bbox 2082 4262 2250 4292; x_wconf 72' lang='lat' dir='ltr'><strong>erasum</strong></span> <span class='ocrx_word' id='word_1_434' title='bbox 2276 4254 2318 4292; x_wconf 80' lang='lat'><strong>1.</strong></span> <span class='ocrx_word' id='word_1_435' title='bbox 2424 4251 2469 4304; x_wconf 86' lang='lat' dir='ltr'><strong>e)</strong></span> <span class='ocrx_word' id='word_1_436' title='bbox 2508 4252 2610 4293; x_wconf 77' lang='lat' dir='ltr'><strong>add.</strong></span> <span class='ocrx_word' id='word_1_437' title='bbox 2639 4253 2686 4292; x_wconf 82' lang='lat' dir='ltr'><strong>V.</strong></span> 
     </span>
     <span class='ocr_line' id='line_1_49' title="bbox 431 4304 1765 4356; baseline 0.001 -13"><span class='ocrx_word' id='word_1_438' title='bbox 431 4304 470 4352; x_wconf 84' lang='lat' dir='ltr'><strong>f)</strong></span> <span class='ocrx_word' id='word_1_439' title='bbox 497 4305 568 4343; x_wconf 82' lang='lat' dir='ltr'><strong>vir</strong></span> <span class='ocrx_word' id='word_1_440' title='bbox 596 4305 652 4354; x_wconf 82' lang='lat'><strong>0,·</strong></span> <span class='ocrx_word' id='word_1_441' title='bbox 682 4316 794 4354; x_wconf 82' lang='lat' dir='ltr'><strong>puer</strong></span> <span class='ocrx_word' id='word_1_442' title='bbox 821 4307 870 4346; x_wconf 81' lang='grc' dir='ltr'><strong>Τ.</strong></span> <span class='ocrx_word' id='word_1_443' title='bbox 977 4316 1023 4355; x_wconf 75' lang='lat' dir='ltr'><strong>g)</strong></span> <span class='ocrx_word' id='word_1_444' title='bbox 1049 4307 1279 4356; x_wconf 78' lang='lat' dir='ltr'><strong>negligens</strong></span> <span class='ocrx_word' id='word_1_445' title='bbox 1307 4304 1494 4345; x_wconf 73' lang='lat' dir='ltr'><strong>radendo</strong></span> <span class='ocrx_word' id='word_1_446' title='bbox 1517 4308 1626 4355; x_wconf 70' lang='lat' dir='ltr'><strong>azqs.</strong></span> <span class='ocrx_word' id='word_1_447' title='bbox 1657 4317 1765 4345; x_wconf 84' lang='lat' dir='ltr'><strong>corr.</strong></span> 
     </span>
    </p>
   </div>
   <div class='ocr_carea' id='block_1_9' title="bbox 433 4406 2446 4475">
    <p class='ocr_par' dir='ltr' id='par_1_13' title="bbox 433 4406 2446 4475">
     <span class='ocr_line' id='line_1_50' title="bbox 433 4406 2446 4475; baseline 0.002 -17"><span class='ocrx_word' id='word_1_448' title='bbox 433 4406 486 4470; x_wconf 91' lang='lat'><strong>1)</strong></span> <span class='ocrx_word' id='word_1_449' title='bbox 525 4407 863 4462; x_wconf 76' lang='lat' dir='ltr'><strong>Corbeiensis</strong></span> <span class='ocrx_word' id='word_1_450' title='bbox 897 4409 1186 4464; x_wconf 83' lang='lat'><strong>890-900.</strong></span> <span class='ocrx_word' id='word_1_451' title='bbox 1221 4409 1258 4469; x_wconf 86' lang='lat'><em>†</em></span> <span class='ocrx_word' id='word_1_452' title='bbox 1284 4409 1402 4464; x_wconf 87' lang='grc'><strong>913.</strong></span> <span class='ocrx_word' id='word_1_453' title='bbox 1530 4408 1583 4472; x_wconf 80' lang='lat'><strong>2)</strong></span> <span class='ocrx_word' id='word_1_454' title='bbox 1621 4407 1924 4475; x_wconf 80' lang='lat' dir='ltr'><strong>Depositus</strong></span> <span class='ocrx_word' id='word_1_455' title='bbox 1958 4407 2099 4460; x_wconf 80' lang='lat' dir='ltr'><strong>enim</strong></span> <span class='ocrx_word' id='word_1_456' title='bbox 2136 4413 2215 4462; x_wconf 72' lang='lat' dir='ltr'><strong>est</strong></span> <span class='ocrx_word' id='word_1_457' title='bbox 2248 4424 2301 4462; x_wconf 87' lang='lat' dir='ltr'><strong>a.</strong></span> <span class='ocrx_word' id='word_1_458' title='bbox 2328 4408 2446 4464; x_wconf 90' lang='grc'><strong>900.</strong></span> 
     </span>
    </p>
   </div>
   <div class='ocr_carea' id='block_1_10' title="bbox 2711 1063 2927 1114">
    <p class='ocr_par' dir='ltr' id='par_1_14' title="bbox 2711 1063 2927 1114">
     <span class='ocr_line' id='line_1_51' title="bbox 2711 1063 2927 1114; baseline 0.005 -9"><span class='ocrx_word' id='word_1_459' title='bbox 2711 1063 2733 1087; x_wconf 76' lang='grc'><strong><em>*</em></strong></span> <span class='ocrx_word' id='word_1_460' title='bbox 2750 1065 2835 1114; x_wconf 78' lang='lat' dir='ltr'><strong>sol.</strong></span> <span class='ocrx_word' id='word_1_461' title='bbox 2855 1066 2927 1106; x_wconf 71' lang='lat'><strong>⁸18.</strong></span> 
     </span>
    </p>
   </div>
   <div class='ocr_carea' id='block_1_11' title="bbox 2760 2094 2943 2134">
    <p class='ocr_par' dir='ltr' id='par_1_15' title="bbox 2760 2094 2943 2134">
     <span class='ocr_line' id='line_1_52' title="bbox 2760 2094 2943 2134; baseline 0 -1"><span class='ocrx_word' id='word_1_462' title='bbox 2760 2104 2873 2133; x_wconf 69' lang='lat' dir='ltr'><strong>m.</strong></span> <span class='ocrx_word' id='word_1_463' title='bbox 2895 2094 2943 2134; x_wconf 80' lang='grc'><strong>0.</strong></span> 
     </span>
    </p>
   </div>
   <div class='ocr_carea' id='block_1_12' title="bbox 2710 2756 2930 2858">
    <p class='ocr_par' dir='ltr' id='par_1_16' title="bbox 2710 2756 2930 2858">
     <span class='ocr_line' id='line_1_53' title="bbox 2710 2756 2930 2806; baseline 0.005 -10"><span class='ocrx_word' id='word_1_464' title='bbox 2710 2756 2732 2780; x_wconf 78' lang='grc'><strong><em>*</em></strong></span> <span class='ocrx_word' id='word_1_465' title='bbox 2751 2757 2835 2806; x_wconf 78' lang='lat' dir='ltr'><strong>sol.</strong></span> <span class='ocrx_word' id='word_1_466' title='bbox 2854 2756 2930 2806; x_wconf 81' lang='lat'><strong>¹18¹,</strong></span> 
     </span>
     <span class='ocr_line' id='line_1_54' title="bbox 2756 2808 2917 2858; baseline 0 -11"><span class='ocrx_word' id='word_1_467' title='bbox 2756 2821 2806 2858; x_wconf 79' lang='lat' dir='ltr'><strong>p.</strong></span> <span class='ocrx_word' id='word_1_468' title='bbox 2826 2808 2917 2849; x_wconf 80' lang='lat'><strong>789.</strong></span> 
     </span>
    </p>
   </div>
  </div>
 </body>
</html>
