3100 5050
1012 304 1417 360 THIETMARI
1453 301 1715 360 OERON.
1786 304 1921 360 LIB.
1957 305 2009 360 Ι.
2594 303 2627 358 7

376 464 460 529 ad
521 461 984 528 sacerdotalem
1044 459 1369 546 promovit
1427 458 1752 540 ordinem,
1827 458 1953 542 legi
2026 462 2312 524 sanctam
2385 457 2627 524 Christi

119 573 144 597 ⁴
175 575 267 624 soz.
289 572 346 612 41.
377 555 723 632 martyrem
787 545 1104 612 *Affram⁸
1163 544 1399 610 dilecto
1459 545 1698 612 suimet
1764 544 2006 629 presuli
2077 544 2282 610 multa
2349 543 2417 609 111
2486 545 2627 609 visu

377 635 751 715 ostendisse,
797 635 968 700 inter
1012 653 1181 716 quae
1227 631 1385 696 duos
1430 652 1633 710 enses,
1680 652 1876 697 unum
1923 652 2065 696 cum
2104 630 2352 714 capula,
2400 630 2627 695 alium-

378 743 499 808 que
558 723 697 787 sine
754 742 848 800 ea,
909 741 988 784 ac
1044 740 1160 802 per
1216 739 1358 782 eum
1405 716 1782 782 Heinricum
1838 737 2054 800 regem
2113 715 2626 783 consecracionis

376 813 705 890 expertem
750 806 1227 873 demonstrasse
1246 804 1291 870 ¹.
1381 803 1503 868 Sed
1551 804 1801 870 occulto
1846 803 1966 868 1106
2002 803 2128 868 Dei
2170 801 2400 866 iuditio
2436 803 2625 866 relin-

375 915 597 979 quens,
645 893 922 978 amplius
966 889 1359 976 progrediar.

549 1033 609 1097 9.
659 1029 782 1117 (6.)
864 1028 1066 1093 Fama
1121 1026 1263 1093 novi
1318 1027 1489 1110 regis
1547 1025 2057 1110 undiquessecus
2114 1025 2409 1107 dispersa
2467 1021 2625 1092 ami-

373 1137 602 1183 corum
646 1115 842 1181 corda
885 1113 1192 1179 laetificat
1233 1113 1698 1197 rebelliumque
1743 1118 2013 1179 econtra
2058 1111 2417 1192 mestificat,
2473 1113 2627 1197 quia

379 1206 476 1268 vir
509 1203 662 1268 talis
698 1201 840 1280 fuit,
877 1205 950 1265 ut
985 1219 1131 1265 suos
1167 1201 1362 1264 sciret
1397 1201 1720 1284 sapienter
1752 1205 2054 1280 tractare,
2089 1199 2379 1264 inimicos
2408 1205 2625 1264 autem

380 1287 616 1354 callide
657 1286 1047 1370 viriliterque
1091 1284 1448 1370 superare.'
1504 1284 1759 1351 Interea
1796 1285 2108 1351 Tammo*
2150 1291 2341 1349 natus
2387 1291 2511 1363 est;
2560 1290 2626 1349 et

381 1395 562 1439 mens
616 1373 786 1456 regis
841 1372 923 1437 ab
981 1393 1196 1438 amore
1248 1373 1468 1438 uxoris
1527 1370 1928 1449 decrescens,
1988 1371 2068 1436 ob
2127 1369 2625 1455 pulcritudinem

382 1466 450 1525 et
483 1461 657 1524 remb
683 1458 1010 1525 cuiusdam
1039 1459 1325 1542 virginiS,
1361 1458 1619 1523 nomine
1648 1456 1997 1534 Mathildis,
2036 1463 2282 1523 secreto
2309 1455 2623 1541 flagravit.

381 1547 515 1612 Iam
567 1547 821 1628 iamque
863 1545 1130 1610 latentis
1175 1544 1374 1609 animi
1427 1545 1638 1610 fervor
1681 1544 1916 1628 erupit;
1972 1551 2037 1608 et
2080 1544 2319 1609 iniusto
2364 1565 2432 1608 se
2476 1543 2625 1608 hac-

377 1639 562 1698 tenus
607 1632 874 1697 multum
911 1650 1212 1713 peccasse
1250 1630 1528 1695 conubio
1566 1629 1827 1695 tandem
1862 1629 2207 1714 professuS,
2246 1650 2363 1713 per
2398 1628 2624 1695 affines

377 1719 747 1802 legatosque
776 1737 930 1783 suos
957 1715 1190 1782 filiam⁰
1216 1715 1557 1781 Theodrici
1579 1724 1645 1781 et
1663 1714 2062 1781 Reinildaed·
2084 1714 2113 1759 ²
2140 1737 2217 1781 ex
2237 1715 2621 1780 Widicinni⁶
2648 1734 2766 1776 πω.
2794 1735 2831 1785 1,
2858 1735 2927 1775 ει.

373 1805 544 1887 regis
571 1804 749 1869 tribu
777 1809 1088 1882 exortam,
1127 1800 1546 1952 [iateqpellat
1565 1803 1600 1882 f,
1638 1807 1711 1866 ut
1740 1801 1864 1867 sibi
1891 1801 2202 1867 voluisset
2228 1802 2622 1870 satisfacere.

370 1891 456 1956 Et
509 1891 662 1974 quia
712 1889 1016 1954 flexibilis
1069 1894 1169 1953 est
1211 1911 1321 1954 mu
1349 1889 1500 1953 ieris
1545 1889 1817 1968 animuS,
1874 1894 1939 1953 et
1981 1888 2137 1972 quia
2190 1887 2434 1953 sciebat
2477 1909 2621 1952 eum

370 1979 439 2041 in
501 1977 751 2041 cunctis
812 1976 1186 2058 eligantem,
1252 1975 1603 2054 consensit,
1666 1976 2135 2057 coniunctaque
2196 1973 2301 2038 613
2362 1979 2493 2038 tam
2555 1975 2621 2038 in
2660 1988 2821 2055 (909).

374 2062 608 2127 divinis
667 2081 859 2146 quam
918 2062 985 2125 in
1043 2061 1338 2126 humanis
1391 2061 1655 2146 profuit.
1760 2059 1897 2136 Que
1948 2067 2081 2126 tres
2132 2059 2298 2125 filios
2343 2080 2625 2144 congruo

372 2147 634 2232 pariens
685 2147 750 2212 in
796 2153 1103 2231 tempore,
1150 2147 1546 2227 Ottonem**,
1596 2146 1967 2212 Heinricum
2012 2152 2077 2211 et
2120 2147 2485 2211 Brunonem
2499 2149 2625 2226 ***,

375 2253 679 2343 prospere
715 2232 1027 2314 educavit,
1065 2232 1476 2317 doloremque
1511 2239 1738 2319 partus
1774 2239 1996 2298 tantae
2032 2233 2253 2316 stirpis
2288 2231 2623 2298 dulcedine

162 2339 184 2364 ⁴
199 2342 282 2389 fot.
305 2341 344 2380 5.
377 2340 533 2403 supe
560 2319 741 2388 ravit.

545 2460 644 2525 10.
719 2457 804 2522 Et
847 2456 1154 2542 quoniam
1201 2455 1358 2521 mihi
1403 2477 1611 2522 sermo
1658 2461 1755 2522 est
1790 2454 1870 2520 de
1908 2455 2161 2535 Ottone,
2197 2476 2325 2520 non
2361 2463 2624 2520 autumo

370 2566 530 2630 opus
576 2565 738 2625 esse,
785 2545 998 2609 omnia
1043 2544 1248 2627 patris
1293 2543 1394 2607 sui
1439 2550 1624 2627 gesta
1668 2543 2038 2625 singulatim
2085 2543 2422 2622 discutere,
2478 2565 2624 2608 cum

369 2640 436 2697 et
479 2632 546 2695 in
590 2630 724 2695 filio
769 2637 1098 2714 appareat,
1145 2634 1387 2713 quanta
1423 2631 1562 2695 eius
1598 2630 1684 2694 sit
1720 2629 2022 2711 dignitaS,
2069 2636 2133 2693 et
2169 2628 2428 2713 scriptis
2463 2630 2623 2694 mul-

368 2724 587 2782 torum
641 2718 768 2782 vite
822 2716 1109 2781 eiusdem
1175 2716 1335 2780 satis
1412 2715 1658 2799 fulgeat
1724 2716 2007 2781 claritas
2124 2715 2251 2781 Sed
2307 2715 2622 2799 quaedam

369 2804 705 2883 1111616610,
745 2823 910 2886 quae
949 2802 1130 2868 dictu
1167 2802 1443 2867 maxime
1475 2802 1877 2867 necessariag
1911 2806 2084 2885 puto,
2158 2800 2295 2865 Has
2330 2801 2623 2885 regiones
2807 2863 2812 2869 .

373 2889 495 2954 sibi
533 2888 687 2954 fecit
721 2888 1121 2968 tributarias»,
1169 2888 1516 2966 Boemiam,
1566 2887 1975 2967 Delemincih,
2022 2886 2385 2971 Apodritas,
2424 2888 2835 2968 Wilti‚w1a.1,
2860 2910 2929 2949 36.

372 2974 681 3040 Hevellun
739 2980 806 3041 et
848 2974 1190 3054 Redarios3
1251 2974 1364 3057 qui
1422 2974 1642 3039 statim
1699 2974 1969 3039 rebelles
2022 2974 2313 3057 aliosque
2366 2972 2452 3037 ad
2503 2972 2623 3039 hec

375 3060 787 3139 concitanteS,
845 3060 1068 3125 urbem
1117 3060 1483 3125 Wallislevo
1507 3060 1534 3103 ‘¹
1583 3065 1975 3145 oppugnant,
2032 3060 2375 3125 destruunt
2420 3065 2485 3124 et
2528 3061 2623 3124 in·
2661 3074 2823 3141 (929).

375 3145 669 3212 cendunt.
761 3147 859 3211 Ad
905 3147 1026 3212 hoc
1067 3145 1519 3211 vindicandum
1564 3152 1787 3212 noster
1832 3148 2127 3213 convenit
2170 3146 2504 3224 exercituS,
2560 3154 2625 3211 et

372 3232 669 3297 Lunzini¹
714 3232 1087 3299 civitatem⁵
1122 3230 1441 3313 obsidens,
1489 3232 1696 3297 socios
1732 3232 2097 3312 eorundem,
2135 3252 2245 3297 606
2282 3231 2624 3297 defendere

372 3319 726 3403 cupientes,
772 3320 1021 3385 invadit
1065 3325 1145 3399 et,
1190 3320 1415 3403 paucis
1461 3316 1933 3403 effugientibus,
1976 3319 2350 3403 prostravit3
2399 3318 2623 3384 urbem

370 3427 623 3492 quoque
681 3406 1002 3489 prefatam
1059 3405 1417 3487 acquisivit.
1521 3405 1620 3468 Ex
1678 3406 1916 3469 nostris
1974 3411 2191 3470 autem
2249 3404 2378 3469 duo
2436 3405 2623 3470 abavi

367 3492 514 3573 mei,
554 3513 682 3556 uno
722 3493 993 3571 nomine,
1034 3490 1204 3576 quod
1231 3491 1565 3557 Lintherik
1592 3496 1798 3571 sonat,
1837 3491 2091 3575 signati,
2129 3490 2369 3556 milites
2398 3492 2624 3575 optimi

482 3646 540 3713 ²¹²)
579 3648 672 3718 qui
699 3650 756 3701 et
782 3646 1144 3757 'l'anckmams
1173 3648 1299 3702 add.
1327 3650 1376 3703 2.
1457 3647 1555 3713 ³²²⁸)
1592 3648 1720 3715 imp.
1748 3648 1878 3703 add.
1911 3648 1973 3702 V.
2052 3646 2187 3713 ***)
2227 3647 2368 3704 arch.
2398 3648 2526 3705 add.
2558 3648 2623 3703 V.

367 3784 413 3835 ι)
439 3786 566 3833 prius
583 3785 606 3823 f
619 3796 797 3825 eranum.
903 3782 952 3834 b)
977 3794 1020 3833 p.
1039 3784 1088 3822 111
1107 3794 1297 3824 amorem
1315 3787 1354 3825 2.
1461 3786 1503 3837 c)
1530 3785 1750 3833 virginem
1768 3785 1818 3835 A,
1844 3796 1952 3825 corr.
1978 3786 2027 3825 T.
2132 3784 2179 3833 d)
2203 3788 2377 3827 alterum
2402 3788 2419 3825 i
2445 3786 2548 3825 add.
2573 3787 2621 3826 T.

367 3836 411 3889 o)
439 3836 652 3877 uidieinni
668 3836 722 3886 A,
745 3847 775 3875 v
799 3836 902 3876 add.
926 3837 974 3885 Τ,
999 3835 1226 3875 widikindi
1241 3838 1415 3877 mutavit
1443 3839 1486 3877 V.
1585 3836 1624 3887 f)
1648 3838 1840 3885 puellare
1859 3836 1912 3886 A,
1938 3848 2045 3877 corr.
2068 3838 2123 3887 T3
2151 3839 2431 3888 interpellare
2449 3839 2565 3887 cepit
2580 3840 2623 3878 2.

367 3890 413 3940 g)
441 3889 692 3929 necessario
719 3893 758 3927 1.
865 3888 913 3938 h)
940 3887 1168 3927 delefficici
1193 3889 1244 3937 A,
1273 3900 1379 3929 corr.
1410 3891 1458 3929 T.
1569 3888 1602 3940 1)
1624 3892 1801 3929 alterum
1827 3889 1843 3927 i
1869 3900 2033 3929 erasum
2060 3891 2099 3930 1.
2205 3889 2259 3940 k)
2282 3890 2368 3930 duo
2393 3891 2410 3928 1
2434 3902 2557 3929 eram
2584 3893 2622 3930 1.

370 4011 421 4075 1)
471 4010 559 4065 Ab
607 4009 714 4065 hac
759 4011 964 4065 visione
1012 4010 1312 4063 Heinricus
1359 4010 1539 4066 dictus
1589 4016 1670 4065 est
1724 4010 1879 4064 Ensis
1936 4010 2051 4064 sine
2109 4011 2297 4079 capulo
2353 4012 2414 4065 in
2479 4015 2623 4067 Arm.

366 4080 564 4134 necrol.
600 4080 915 4134 Prumiens.
961 4078 1086 4139 (SS.
1120 4079 1308 4138 XIII)
1355 4096 1407 4133 a.
1444 4082 1563 4135 919.
1714 4080 1770 4145 2)
1824 4079 2035 4134 Necrol.
2075 4080 2312 4134 Mer-seb.
2358 4082 2490 4135 Mai
2524 4084 2621 4136 11:

367 4146 628 4202 Reinhild
655 4150 832 4202 mater
858 4148 1043 4217 regine
1073 4146 1356 4201 Mahtildis
1387 4147 1538 4203 obiit.
1677 4149 1731 4213 3)
1770 4148 2018 4217 Nuptiae
2043 4150 2147 4202 hae
2176 4150 2471 4204 celebratae
2496 4156 2624 4205 sunt

369 4233 517 4271 anno
551 4218 668 4272 909.
750 4217 933 4272 'Waitz
967 4219 1000 4271 l.
1037 4218 1070 4271 l.
1100 4233 1160 4285 p.
1191 4217 1272 4272 18.
1407 4216 1462 4283 4)
1509 4217 1821 4273 'Walsleben
1856 4218 2032 4272 vietam
2066 4233 2234 4287 prope
2269 4218 2451 4272 Albim
2485 4220 2625 4274 inter

377 4284 612 4410 Ivlrserbevg
646 4294 698 4341 et
731 4287 1024 4354 Ameburq
1059 4288 1240 4341 sicum.
1405 4287 1459 4351 5)
1507 4288 1723 4341 Lenem
1758 4288 1816 4339 in
1852 4287 2051 4343 dextra
2081 4294 2240 4354 parte
2276 4288 2436 4343 Albis
2468 4286 2623 4358 infra

449 4356 580 4411 iiten
615 4372 754 4424 erqe.
