3100 5050
1105 380 1515 478 mmmmm
1550 421 1991 479 cmzomcoN.
2544 425 2683 480 xm

411 582 659 664 saepius
716 601 837 643 non
895 577 1104 664 facile
1165 577 1565 662 intelleyitur.
1676 578 1913 643 Graeci
1972 582 2305 664 scriptores
2368 581 2427 644 ei
2486 581 2686 666 iqnoti

397 683 688 768 fuerunt,
733 684 896 745 inter
939 682 1171 744 latinos
1211 681 1282 743 in
1313 682 1548 764 primis
1580 691 1793 766 poetas
1828 683 2073 746 videtur
2116 683 2355 767 leqisse,
2400 706 2431 747 e
2467 683 2687 767 quibus

419 786 709 866 Terentii,
747 785 1021 862 Catonis,
1062 784 1171 868 qui
1197 793 1470 862 vocatur,
1499 784 1777 864 Horatii,
1822 783 2111 868 Veryilii,
2148 783 2386 863 Ovidii,
2420 785 2683 864 Lucani,

412 889 651 968 Persii,
719 887 1070 964 Iuvenalis,
1131 886 1493 965 Martialis,
1562 886 1784 966 Statii,
1843 886 2115 949 Ausonii
2177 887 2329 950 locis
2386 888 2685 971 plurimis

408 992 739 1055 dictionem
799 1013 976 1054 suam
1036 990 1299 1052 ornavit.
1392 989 1729 1052 Praeterea
1786 1011 1862 1052 eoe
1917 988 2262 1068 Macrobii,
2321 989 2681 1073 Anqustini‚

415 1093 719 1179 Greqorii
746 1094 800 1158 Ι.
827 1114 1038 1177 papae
1066 1091 1351 1176 operibus
1385 1091 1714 1171 nonnulla,
1742 1091 2029 1175 plurima
2065 1101 2270 1154 autem
2304 1114 2334 1154 e
2370 1093 2687 1177 scriptura

409 1219 598 1260 sacra
643 1195 871 1259 attulit.
963 1193 1072 1258 Ex
1128 1195 1490 1258 recentioris
1545 1195 1689 1257 aevi
1740 1189 2047 1278 poematis
2090 1193 2366 1257 Ecbasin
2408 1195 2683 1279 captivi-¹

409 1309 621 1362 notam
663 1299 724 1362 ei
751 1295 964 1381 fuisse
1006 1297 1255 1382 primus
1300 1295 1989 1382 Lappenbery-›viditQ
2034 1298 2122 1360 ad
2165 1319 2352 1381 quam
2382 1296 2685 1360 Planctus

412 1403 488 1463 de
534 1401 698 1464 obitu
749 1399 969 1463 Caroli
1001 1399 1233 1483 Mayni
1275 1409 1332 1463 et
1381 1399 1715 1463 Cantilena
1756 1400 1833 1463 de
1886 1397 2128 1463 Ottonis
2168 1398 2259 1464 ΙΙ.
2294 1398 2470 1484 fuya
2512 1399 2683 1462 edita

417 1503 713 1582 accedunt
725 1500 771 1569 3.

597 1603 748 1669 Vivo
791 1602 1189 1669 Tkietmaro4
1235 1627 1388 1688 opus
1431 1605 1566 1668 eius
1612 1604 2003 1667 Adalboldus
2046 1605 2380 1688 exscripsit
2422 1605 2490 1667 in
2544 1603 2683 1666 Vita

414 1709 705 1772 Heinrici
748 1709 838 1770 II.
907 1705 1058 1791 (SS.
1104 1708 1142 1769 I
1159 1706 1238 1787 V)
1249 1729 1274 1786 ,⁰
1329 1717 1657 1790 praeterea
1717 1706 1923 1770 eodem
1964 1705 2149 1789 fonte
2205 1708 2305 1770 usi
2355 1717 2493 1769 sunt
2556 1707 2680 1769 An-

411 1811 648 1874 nalista
723 1809 898 1874 Samo
911 1859 926 1891 ,
1001 1810 1284 1874 Annales
1353 1808 1945 1894 MaydeburqenseS,
2020 1807 2211 1872 Gesta
2273 1809 2682 1892 archiepisco-

407 1936 626 1998 porum
666 1912 1322 1998 Maqdebmyensium,
1375 1911 1565 1976 Gesta
1603 1913 2027 1996 episcoporum
2063 1910 2685 1975 Halberstadensium

411 2015 566 2099 (SS.
599 2013 887 2098 XXIII),
931 2016 1279 2080 Chronicon
1305 2017 1729 2100 episcoporum
1759 2012 2359 2097 Merseburqensium
2387 2010 2537 2096 (SS.
2568 2013 2678 2097 X),

421 2119 566 2183 Vita
609 2118 971 2183 Meinwerci
1017 2116 1167 2201 (SS.
1212 2119 1370 2200 XI),
1431 2116 1767 2181 Gobelinus
1822 2115 2096 2179 Persona
2152 2115 2683 2179 Paderbornensis

410 2221 482 2304 (†
531 2220 726 2304 1420)
779 2222 854 2284 in
903 2219 1362 2284 Cosmodromio
1377 2221 1426 2300 ⁵,
1481 2219 1725 2283 Paulus
1772 2219 1985 2303 Lanqe
2037 2219 2109 2281 in
2168 2218 2473 2282 Chronico
2532 2217 2681 2282 Giti-

407 2325 574 2389 censi
624 2325 786 2391 1515
829 2334 886 2388 et
930 2323 1394 2409 Numburyensi
1445 2325 1636 2404 1536,
1695 2321 1943 2405 Brotuf
1987 2322 2055 2383 in
2106 2321 2407 2385 Chronico
2452 2320 2681 2384 Merse-

405 2427 705 2512 burqensi
752 2428 917 2493 1557
931 2424 978 2490 6.

583 2530 838 2595 Codices
883 2530 1233 2594 Tkietmari
1257 2529 1400 2592 'duo
1442 2539 1686 2592 tantum
1730 2538 2004 2593 eaestant:

587 2638 637 2699 1.
697 2631 906 2697 Codecc
945 2630 1356 2696 Thietmari
1391 2629 1944 2717 autoqraphus⁷
1979 2629 2367 2693 aWernhero
2394 2630 2677 2714 episcopo

405 2734 905 2820 Merseburqensi
967 2734 1167 2819 (1061
1184 2771 1269 2779 —
1289 2733 1485 2815 1091)
1549 2734 1921 2797 monasterio
1981 2730 2045 2795 S.
2096 2731 2270 2797 Petri
2326 2731 2675 2795 Mea-sebur-

405 2838 582 2923 9ensi
625 2837 976 2917 dedicatus,
1017 2837 1182 2900 unde
1225 2859 1362 2900 eum
1407 2834 1815 2922 Siqismundo
1858 2835 1934 2899 de
1982 2835 2309 2898 Lindenau
2319 2880 2340 2913 ,
2392 2835 2677 2918 episcopo

407 2939 901 3024 Merseburyensi
950 2938 1396 3014 1535—1544,
1439 2939 1747 3002 traditum
1792 2961 1917 3001 esse
1956 2936 2208 3021 Brotaf,
2252 2937 2365 3020 qui
2408 2938 2540 3021 ipse
2586 2959 2678 3000 co-

407 3044 607 3107 dicem
648 3042 830 3121 vidit,
875 3042 1206 3105 memoriae
1249 3042 1536 3125 prodidit
1550 3039 1597 3103 8.
1688 3042 1874 3105 Anno
1919 3041 2098 3107 1574.
2147 3038 2389 3103 libellus
2434 3040 2679 3103 Witten-

404 3146 626 3231 beryas
657 3144 867 3230 fuisse
904 3144 1168 3224 videtur,
1202 3144 1506 3227 siquidem
1542 3144 1955 3229 subscriptum
1990 3143 2051 3205 ei
2084 3152 2200 3205 est:
2251 3144 2347 3207 18.
2380 3141 2679 3209 Decemb.

409 3334 462 3401 1)
496 3334 606 3388 Ed.
643 3336 716 3389 E.
751 3335 921 3402 Voiyt,
948 3334 1275 3403 Strassbury
1305 3334 1454 3389 1875.
1594 3333 1647 3398 2)
1686 3333 1841 3399 Gens.
1880 3333 2048 3399 VIII,
2076 3334 2161 3394 30,
2213 3331 2425 3398 Voiytl.
2446 3333 2478 3385 l.
2507 3348 2563 3397 p.
2594 3334 2673 3385 10.

406 3418 461 3485 3)
499 3418 583 3487 Cf.
620 3420 742 3485 III,
779 3420 880 3487 21;
933 3421 1045 3484 IX,
1081 3422 1164 3474 30.
1303 3420 1358 3485 4)
1399 3418 1552 3486 Cbnf.
1595 3420 1691 3484 VI,
1734 3421 1813 3472 10.
1953 3418 2007 3483 5)
2048 3418 2156 3471 Ed.
2186 3419 2440 3483 Meibom,
2478 3417 2675 3482 Script.

406 3521 512 3558 rer.
551 3506 728 3558 Germ.
768 3505 818 3570 1,
865 3506 1122 3560 53—369.
1195 3504 1276 3572 Cf.
1315 3508 1384 3558 A.
1423 3506 1756 3572 Hayemann
1807 3503 2005 3559 ‘Ueber
2050 3504 2136 3557 die
2176 3504 2395 3567 Quellen
2441 3504 2535 3556 des
2570 3502 2676 3555 Go-

412 3590 624 3645 bclinus
662 3592 948 3657 Persona’‚
986 3592 1224 3646 Dissert.
1252 3592 1386 3645 Hal.
1425 3610 1474 3646 α.
1506 3592 1657 3646 1874.
1690 3607 1751 3657 p.
1779 3592 1861 3644 51.
2002 3589 2056 3653 6)
2097 3591 2392 3643 Praeterea
2418 3590 2676 3657 Lappcn-

409 3677 627 3744 beryius
677 3676 858 3731 codice
905 3678 1143 3746 quodam
1192 3677 1440 3730 Honorii.
1480 3677 1729 3731 Solitarii
1773 3678 1833 3729 in
1885 3676 2205 3730 bibliotheca
2258 3674 2678 3729 Alvenslebiana

408 3761 680 3817 Stendalii
711 3770 922 3817 servato
958 3762 1202 3817 exhiberi
1233 3765 1408 3817 locum
1447 3764 1745 3819 Thietma‘n'
1776 3763 1828 3828 I,
1865 3764 1897 3816 7
1933 3762 2189 3824 (11—14)
2225 3778 2261 3813 a
2308 3760 2544 3828 Viynotio
2574 3760 2677 3812 col-

407 3849 579 3901 latum
625 3848 764 3903 dimit
781 3868 798 3901 .·
849 3850 945 3902 sed
991 3855 1040 3904 et
1081 3850 1142 3902 in
1185 3849 1414 3903 editione
1450 3849 1703 3917 Spirensi
1736 3848 1976 3901 Honorii
2019 3865 2071 3900 a.
2104 3848 2257 3901 1583.
2295 3846 2461 3912 facta
2504 3846 2677 3897 locum

407 3934 560 3987 illum
594 3949 704 3986 non
740 3934 846 4000 leyi
876 3934 994 4001 ipse
1020 3934 1201 4000 Lapp.
1232 3934 1477 4001 adnotat,
1512 3950 1683 4003 neque
1720 3934 1883 3987 codex
1919 3934 2009 3987 ille
2035 3933 2189 4001 apud
2217 3932 2283 3985 R.
2324 3932 2591 3987 Wilmans
2618 3930 2677 3983 in

408 4020 641 4072 editione
663 4019 906 4072 Honorii
921 4018 1046 4082 (SS.
1071 4020 1150 4083 X)
1177 4020 1319 4073 inter
1337 4022 1500 4074 libros
1520 4020 1921 4087 manuscriptos
1940 4024 2395 4073 commem-oratur.
2508 4014 2559 4082 7)
2591 4016 2677 4069 De

407 4122 512 4174 quo
556 4104 697 4171 cons.
743 4105 907 4160 etiam
954 4104 1152 4171 Haupt
1196 4106 1438 4159 ‘Archiv'
1489 4107 1624 4172 VII,
1668 4104 1975 4159 421—426.
2148 4101 2202 4165 8)
2254 4104 2319 4155 L.
2348 4103 2381 4155 l.
2428 4102 2514 4167 II,
2553 4118 2595 4154 c.
2625 4102 2675 4166 7,

405 4207 460 4258 p.
488 4192 609 4245 LX
620 4191 705 4245 VI
709 4210 726 4244 .·
772 4190 867 4243 das
905 4190 1086 4244 rechte
1115 4188 1361 4258 Original
1390 4189 1495 4243 vnd
1524 4189 1831 4256 exemplar!
1847 4188 1946 4243 hat
1980 4188 2075 4241 das
2102 4186 2311 4241 Closter
2336 4186 2502 4239 Sanct
2527 4185 2679 4240 Petri

407 4294 501 4331 vor
537 4278 820 4345 Marsburg
845 4274 866 4342 l
890 4276 1012 4329 dem
1046 4276 1220 4330 Herm
1268 4275 1611 4343 Sigismundo
1647 4274 1931 4329 Dechande
1978 4291 2042 4326 zu
2078 4273 2366 4340 Marsburg
2413 4271 2678 4339 geliehen.

407 4364 552 4419 loia.
599 4381 642 4419 c.
669 4366 756 4429 59,
804 4379 858 4431 p.
889 4362 1054 4417 C'II‘:
1104 4360 1417 4431 Sigismund
1462 4377 1562 4415 von
1610 4360 1913 4423 Lindenau,
1964 4359 2209 4413 Dechant
2258 4373 2323 4410 zu
2372 4355 2676 4425 Marsburg,

408 4450 625 4504 erwelet
659 4449 825 4503 durch
862 4448 957 4502 das
993 4446 1234 4515 Capittel
1269 4455 1366 4503 etc.
