3100 5050
276 578 413 684 {333

193 992 383 1032 Macrob.

132 1043 221 1084 Sat.
241 1043 277 1092 1,
298 1044 359 1094 1³,
376 1044 415 1084 8.

134 1520 270 1560 Exod.
292 1522 329 1569 ’1,
350 1521 415 1560 13.

133 1606 287 1645 Matth.
296 1606 423 1656 11,30.

137 3138 333 3179 affluens.
344 3138 383 3180 2,
396 3140 431 3178 1.

140 3561 215 3601 ΡΒ.
233 3562 323 3609 102,
352 3559 415 3599 15.

445 413 548 470 242
954 408 1359 464 THIETMARJ
1394 407 1656 465 CHRON.
1727 409 1865 465 LIB.
1901 410 1979 464 IX
2013 409 2206 476 (VIII).

440 563 722 646 effugare
756 581 836 626 ac
872 567 1075 626 semet
1106 561 1316 645 ipsum
1354 562 1528 626 intra
1555 561 1872 626 Zuarinae
1909 560 2187 626 civitatis
2207 561 2228 604 ¹
2271 561 2702 625 municionem

440 667 586 714 cum
630 646 945 712 militibus
990 647 1210 712 electis
1245 646 1545 728 colligere
1583 653 1837 730 cogunt.
1929 646 2301 728 Deindeque
2335 645 2705 710 malesuasa

437 735 669 800 suimet
716 731 1073 796 calliditate
1134 751 1249 816 per
1310 732 1646 814 indigenas
1709 731 1964 796 Christo
2016 732 2384 814 seniorique
2434 731 2703 814 proprio

434 817 708 884 rebelles
768 836 810 882 a
851 822 1125 900 paterna
1178 816 1541 881 hereditate
1599 817 1702 880 vix
1757 816 2024 881 evadere
2069 817 2240 880 hunc
2289 815 2702 900 compellunt.

438 903 617 968 Haec
678 902 1134 967 abominabilis
1193 901 1596 985 presumptio
1657 901 1732 966 fit
1783 923 1998 967 meuse
2055 900 2430 978 FebruariO,
2495 902 2607 984 qui
2663 923 2706 966 a

482 987 785 1053 entilibus
829 987 1225 1052 lustracione
1266 993 1333 1052 et
1376 987 1659 1052 muneris
1703 987 1904 1052 debiti
1955 985 2356 1051 exhibicione
2396 1007 2705 1051 veneran-

483 1095 559 1139 us
590 1073 677 1138 ab
712 1072 1015 1138 infernali
1050 1072 1171 1137 deo
1210 1071 1497 1145 Plutone,
1534 1072 1648 1156 qui
1681 1071 1970 1136 Februus
2008 1071 2265 1148 dicitur,
2313 1073 2437 1135 hoc
2473 1091 2704 1135 nomen

438 1159 703 1242 accepit.
801 1155 980 1222 Tunc
1034 1177 1252 1220 omnes
1304 1157 1658 1222 aecclesiae
1711 1158 1796 1221 ad
1849 1158 2150 1222 honorem
2205 1162 2274 1222 et
2315 1156 2704 1220 famulatum

440 1243 681 1310 Christi
732 1245 801 1306 in
859 1243 987 1307 hiis
1030 1241 1327 1326 partibus
1373 1248 1626 1307 erectae
1679 1242 1994 1307 incendiis
2039 1249 2106 1307 et
2147 1242 2704 1308 destruccionibus

440 1329 587 1394 aliis
633 1329 995 1405 cecidere*,
1055 1326 1441 1414 cultus[que]
1486 1326 1802 1392 idolorum
1844 1329 1980 1392 Deo
2024 1329 2386 1411 prepositus
2432 1327 2704 1412 erigitur

440 1421 505 1479 et
559 1433 737 1478 mens
794 1413 1013 1496 populi
1071 1413 1287 1491 istius,
1348 1414 1459 1496 qui
1514 1413 1798 1477 Abotriti
1855 1421 1922 1478 et
1965 1412 2185 1477 Wari2
2237 1420 2571 1490 vocantur,
2631 1421 2705 1476 ut

444 1519 553 1564 cor
591 1499 901 1563 Faraonis
945 1498 1029 1562 ad
1074 1498 1231 1561 haec
1276 1497 1636 1564 induratur.
1727 1497 2119 1562 Libertatem
2165 1499 2292 1562 sibi
2335 1519 2512 1563 more
2552 1499 2704 1563 Liu-

444 1585 597 1650 ticio
634 1589 829 1648 nota⁸
864 1582 1093 1646 fraude
1130 1582 1573 1654 vendicabant,
1620 1582 1732 1647 sed
1768 1583 2078 1648 cervicem
2115 1604 2300 1649 suam
2335 1586 2516 1649 suavi
2551 1585 2703 1666 iugo

442 1668 684 1733 Christi
738 1686 1073 1732 excussam
1121 1687 1392 1732 oneroso
1449 1667 1808 1733 diabolicae
1868 1669 2338 1734 >dominacionis
2397 1669 2706 1753 ponderib

442 1775 561 1819 sua
622 1759 845 1836 sponte
908 1751 1359 1830 subdiderant,
1432 1753 1684 1817 meliori
1745 1755 1927 1837 prius
1985 1763 2170 1837 patre
2231 1775 2310 1819 ac
2369 1754 2706 1820 nobilioris

441 1839 699 1903 domino
760 1839 829 1902 in
892 1837 1191 1902 omnibus
1252 1839 1373 1904 usi.
1480 1839 1667 1902 Hanc
1726 1838 2128 1904 debilitatem
2177 1860 2362 1904 suam
2418 1839 2708 1905 membra

443 1923 683 1988 Christi
744 1920 1023 1988 defleant
1086 1929 1152 1986 et
1208 1920 1372 2011 [hoc]
1426 1924 1626 2008 capiti
1684 1932 2166 2006 conquerantur
2233 1943 2378 2003 su0‚
2439 1925 2706 1990 assidua

442 2029 593 2072 voce
646 2009 880 2072 mentis
933 2009 1057 2072 hoc
1110 2009 1177 2071 in
1232 2009 1461 2072 melius
1529 2009 1805 2073 *mutari
1865 2019 2201 2093 poscentes
2268 2018 2335 2075 et
2387 2031 2465 2075 ex
2515 2017 2703 2092 parte

441 2115 576 2172 sua,
638 2095 705 2157 in
752 2100 1061 2176 quantum
1106 2092 1247 2157 fieri
1289 2095 1511 2175 possit,
1567 2095 1726 2158 haec
1769 2096 2124 2177 perdurare
2177 2117 2304 2162 non
2356 2097 2706 2179 pacientes,

610 2181 671 2244 6.
746 2178 1152 2242 Bernartius‘²
1196 2179 1518 2243 confrater
1565 2179 2211 2264 Parthenopolitanus
2255 2187 2322 2245 et
2368 2187 2705 2265 apostatae

442 2265 632 2328 istius
678 2264 885 2347 gentis
928 2270 1083 2328 tunc
1128 2263 1529 2347 episcopusss,
1577 2265 1644 2328 id
1688 2273 1762 2329 ut
1805 2268 2010 2347 primo
2053 2267 2382 2350 comperit,
2429 2287 2558 2332 non
2603 2285 2703 2330 se·

443 2349 679 2414 cularis
732 2351 965 2415 suimet
1008 2349 1269 2432 dampni
1314 2349 1425 2414 sed
1470 2350 1693 2431 pocius
1739 2351 2094 2434 spiritualis
2137 2352 2428 2416 inmenso
2481 2352 2705 2416 dolore

442 2442 797 2498 commotus
852 2435 1204 2517 inperatori
1257 2442 1476 2499 nostro
1520 2433 1634 2522 [id]
1676 2435 1988 2500 nunciare
2029 2457 2159 2502 non
2203 2437 2474 2502 desistit.
2568 2436 2708 2502 Hac

441 2521 767 2603 legacione
838 2519 1059 2585 audita
1136 2542 1318 2585 cesar
1386 2522 1668 2604 graviter
1747 2522 2055 2605 suspirat,
2141 2522 2252 2587 sed
2323 2520 2402 2587 de
2462 2521 2706 2588 tal-ibus

441 2606 827 2689 respondere
878 2606 962 2669 ad
1014 2626 1211 2689 pasca
1266 2604 1508 2685 differt,
1574 2615 1647 2671 ut
1697 2628 1840 2671 cum
1891 2607 2194 2691 prudenti
2251 2609 2520 2674 consilio
2583 2610 2706 2673 hoc

442 2690 791 2769 anulletur,
852 2690 1024 2774 quod
1080 2692 1371 2756 infausta
1428 2692 1914 2775 conspiracione
1971 2693 2466 2775 conglutinatur.
2566 2692 2706 2759 Hoc

441 2783 657 2840 votum
723 2782 788 2841 et
846 2777 1135 2841 salutare
1198 2782 1554 2842 secretum⁰
1617 2777 1788 2841 Deus
1859 2779 2262 2861 omnipotens
2333 2776 2704 2844 secundet4.

444 2860 697 2925 Nullius
740 2860 949 2926 fidelis
992 2881 1105 2925 cor
1150 2861 1233 2926 ob
1276 2861 1444 2925 hanc
1487 2860 1938 2926 infelicitatem
1982 2864 2051 2926 in
2085 2862 2371 2947 aliquam
2405 2863 2704 2947 despera-

442 2948 687 3012 cionem
743 2947 960 3011 veniat
1022 2945 1124 3010 vel
1180 2946 1350 3010 diem
1414 2946 1638 3012 iudicii
1709 2949 2229 3031 appropinquare
2287 2948 2486 3032 dicat,
2549 2950 2705 3032 quia

443 3032 792 3097 secu-ndum
846 3030 1153 3096 veredicis
1190 3032 1724 3095 ammonicionem
1769 3032 1957 3097 Pauli
2007 3041 2160 3099 ante
2203 3034 2706 3099 dissensionem&

451 3123 516 3181 et
570 3116 991 3181 Antichristih
1052 3115 1474 3180 execrabilem
1534 3116 1880 3181 adventum
1937 3139 2065 3183 non
2125 3118 2314 3184 debet
2373 3140 2408 3183 e
2461 3119 2706 3184 talibus

444 3202 677 3284 aliquis
724 3202 879 3265 oriri
926 3221 1133 3265 sermo
1176 3222 1293 3265 nec
1346 3202 1517 3265 inter
1569 3200 1974 3267 christicolas
2015 3204 2235 3269 subita
2272 3204 2487 3269 venire
2531 3224 2703 3268 com—

444 3287 677 3363 mocio,
745 3306 889 3350 cum
948 3285 1309 3357 eorundem
1351 3286 1746 3351 unanimitas
1805 3308 1945 3352 esse
1997 3287 2234 3354 debeat
2286 3290 2377 3352 in·
2413 3290 2705 3354 summisi

442 3371 781 3435 stabilitas.
889 3370 1111 3449 Nutet,
1174 3372 1241 3435 in
1294 3378 1609 3453 quan-tum
1661 3373 1840 3451 velit,
1902 3374 2192 3437 mortalis
2246 3373 2584 3439 diversitas
2638 3386 2706 3439 et

444 3475 695 3520 morum
738 3456 1027 3520 eiusdem
1071 3456 1487 3521 multiformis
1532 3458 1937 3540 inequalitas.
2035 3458 2260 3523 Omnis
2309 3458 2532 3539 homa,
2585 3458 2704 3523 flos

446 3542 613 3623 agri,
678 3540 872 3606 debet
924 3562 965 3603 a
1016 3550 1221 3607 matre
1274 3542 1545 3606 ecclesia
1596 3544 1778 3627 prius
1831 3544 2084 3607 renasci
2135 3544 2204 3608 in
2254 3546 2700 3610 innocencium

447 3626 783 3691 salvatoris
821 3625 1087 3705 Christi;
1136 3634 1201 3691 et
1242 3634 1396 3692 tunc
1439 3627 1726 3693 timenda
1761 3636 1861 3693 est
1894 3628 2221 3710 inprovisa
2252 3630 2702 3714 inportunitas,

557 3782 612 3843 ²³⁸)
650 3782 855 3835 Erasis
890 3782 950 3833 in
986 3782 1208 3835 sinistro
1244 3781 1491 3849 maryine
1525 3782 1706 3836 tribus
1732 3782 1977 3836 versibus
2005 3784 2070 3837 N
2097 3784 2158 3837 in
2181 3784 2437 3850 inferiore
2462 3784 2702 3839 addidit:

652 3851 708 3903 et
743 3848 883 3918 quod
917 3848 1383 3903 miserabillimum
1418 3848 1541 3913 fuit,
1579 3850 1762 3918 imago
1796 3846 2045 3904 Cruciflxi
2079 3854 2331 3905 truncata
2365 3854 2462 3907 est.

448 3983 491 4031 a)
534 3986 653 4023 mota
679 3984 733 4023 D.
864 3982 912 4035 b)
959 3983 1149 4033 pondere
1174 3986 1213 4023 1.
1345 3982 1385 4033 c)
1426 3983 1650 4023 mobiliari
1677 3984 1731 4022 D.
1864 3984 1908 4035 d)
1951 3986 1994 4024 b.
2025 3994 2062 4024 c.
2089 3986 2310 4033 partheno
2338 3988 2384 4025 in
2409 3988 2498 4026 Ζοοο
2521 3997 2618 4025 τωο
2642 3986 2702 4027 D.

447 4037 489 4085 e)
532 4036 752 4075 decretum
786 4036 825 4077 2.
953 4034 991 4083 f)
1035 4034 1227 4074 veredici
1264 4046 1371 4074 corr.
1406 4034 1593 4073 veridici
1629 4037 1670 4075 1.
1801 4035 1846 4083 g)
1893 4035 2208 4076 discessionem
2233 4038 2419 4077 Romani
2451 4037 2624 4086 imperii
2658 4038 2702 4075 2,

445 4088 496 4139 h)
522 4086 779 4126 antechristi
806 4096 915 4125 corr.
944 4086 1192 4125 antichristi
1218 4089 1259 4126 1.
1364 4084 1397 4135 i)
1426 4088 1567 4125 sumis
1597 4090 1636 4125 1.
2035 4096 2053 4103 ³

449 4204 500 4269 1)
536 4205 827 4260 Schwen’n.
967 4204 1021 4270 2)
1060 4205 1341 4272 Wayrien,
1368 4205 1467 4259 ubi
1489 4205 1810 4272 Aldenbury
1835 4207 1988 4260 sedes
2015 4207 2260 4273 episcopa·
2280 4207 2572 4261 Reman-di.
2631 4206 2702 4260 L.

448 4274 503 4338 3)
531 4275 845 4340 Episcopus
880 4272 1337 4339 oldenburyensis
1384 4272 1766 4335 1013-1023,
1810 4276 1906 4341 qui
1946 4290 2121 4341 supra
2169 4274 2308 4340 VII,
2357 4274 2422 4327 14
2455 4279 2507 4328 et
2541 4274 2706 4341 apud

449 4342 725 4395 Adamum
751 4342 839 4407 II,
866 4342 935 4394 34
959 4342 1152 4395 Benno
1180 4342 1507 4409 appellatur.
1643 4342 1698 4405 4)
1745 4342 1896 4395 Unde
1923 4343 2192 4409 colliyitur
2215 4342 2314 4397 hoc
2341 4349 2468 4398 ante
2485 4341 2702 4408 pascha

450 4428 501 4463 a.
541 4410 674 4464 1018
711 4410 1074 4476 conscriptum
1111 4424 1239 4463 esse.

2735 2031 2758 2052 *
2781 2033 2879 2080 sol.
2900 2035 2986 2073 179.
