3100 5050
453 403 518 455 12
1081 397 1484 452 THmTMARI
1520 397 1781 454 CHRON.
1851 401 1989 454 LIB.
2024 401 2067 454 Ι.

141 573 420 622 nnana-1.
449 553 730 618 humano
791 552 1127 636 sanguini·
1185 553 1413 636 parcit.
1526 552 1809 639 Precipit
1869 554 2037 621 enim
2103 555 2439 621 Dominus:
2511 558 2696 620 Inno-

447 650 672 706 centem
715 650 772 704 et
811 640 1025 726 piumb
1071 661 1196 704 non
1239 639 1596 724 inteficias.

627 729 726 793 18.
761 724 926 811 (10.)
985 725 1333 808 Antiquum
1371 746 1531 809 opus
1560 725 1993 791 Romanorum
2022 748 2205 791 muro
2232 748 2344 794 rex
2371 727 2697 811 predictus

445 813 513 877 in
550 810 920 895 Mersburg⁸
962 810 1288 876 decoravit
1329 810 1603 895 lapidee,
1650 818 1715 876 et
1752 812 1925 877 infra
1960 812 2262 878 *eandem
2300 815 2694 894 aecclesiam,

139 915 420 968 umam.)
447 919 611 983 quae
638 917 808 962 nunc
835 903 1041 962 mater
1067 902 1167 962 est
1194 895 1488 977 aliarum,
1518 895 1600 961 de
1637 897 1960 981 lapidibus
2000 901 2283 964 construi
2302 906 2367 965 et
2388 900 2599 966 XIIII.
2620 901 2695 964 K.

443 984 614 1049 Iunii
656 984 947 1066 precepit
991 981 1277 1047 dedicari
1297 983 1338 1049 ¹.
1429 983 1733 1048 Caeteras
1778 1005 2031 1069 quoque
2076 985 2266 1051 urbes
2302 986 2387 1051 ad
2421 986 2696 1051 salutem

445 1070 624 1222 {egui
668 1075 733 1134 et
772 1069 1016 1194 templa
1054 1068 1330 1134 Domino
1391 1068 1472 1134 ob
1515 1068 1867 1134 remedium
1920 1074 2175 1137 animae
2221 1072 2447 1137 devota
2483 1079 2698 1137 mente

477 1177 517 1222 a
564 1156 792 1221 ricavit
840 1203 856 1220 .

403 1312 408 1316 ,
616 1243 772 1307 Post
826 1242 1161 1307 innumera
1221 1240 1529 1305 virtutum
1594 1240 1871 1324 insignia
1933 1241 2129 1323 idem,
2193 1243 2463 1310 decurso
2525 1245 2696 1311 vitae

141 1346 258 1387 ww.
288 1347 418 1399 1,41.
449 1328 683 1394 suimet
737 1327 972 1402 stadio,
1028 1326 1455 1392 sextodecimo
1507 1327 1714 1410 regni,
1771 1329 2000 1394 aetatis
2053 1335 2269 1395 autem
2320 1352 2473 1396 suae
2518 1353 2699 1397 sexa-

284 1435 402 1490 936.
446 1415 687 1498 gesimo
745 1435 940 1493 anun,
1005 1420 1190 1479 sexta
1248 1411 1410 1478 Non.
1470 1410 1665 1477 ΙιιΙὶί2
1724 1413 2085 1478 Miminlevo
2141 1416 2444 1496 moritur,
2510 1423 2575 1482 et
2634 1419 2699 1482 in

257 1503 344 1545 ¹¹²¹·
375 1505 413 1543 ²·
445 1498 1036 1583 Quidilingaburch,
1076 1519 1268 1583 quam
1298 1499 1433 1583 ipse
1469 1519 1511 1563 a
1547 1498 1963 1564 fundamento
1993 1501 2363 1581 construxit,
2394 1503 2700 1586 sepultuS,

447 1607 488 1652 a
532 1587 780 1651 cunctis
823 1584 1239 1669 optimatibus
1283 1585 1512 1650 merito
1558 1582 1847 1656 defletur.

291 1677 409 1732 936.
622 1672 720 1739 19.
811 1670 1246 1756 [*Accidit‘¹·3
1327 1670 1447 1735 hoc
1529 1691 1696 1735 anno
1784 1670 2141 1736 dominicae
2237 1671 2699 1737 incarnationis
2727 1673 2751 1696 *

447 1756 1050 1824 DCCCCXXXV10.
1156 1756 1448 1823 Indoles⁰
1501 1754 1768 1845 [autem]
1821 1758 2085 1823 relictae
2135 1757 2533 1841 posteritatis
2586 1759 2699 1821 tri—

447 1845 575 1908 stia
601 1843 993 1927 principumf
1015 1843 1210 1908 corda
1237 1841 1563 1922 laetificat,
1600 1849 1665 1908 et
1700 1850 1910 1909 certos
1946 1843 2342 1909 voluntariae
2368 1843 2701 1908 electionis

446 1930 563 1995 hos
609 1929 777 1996 fecit.
865 1929 960 1993 Ve
1003 1930 1282 2014 populis,
1338 1929 1570 2013 quibus
1615 1929 1923 2012 regnandi
1969 1951 2115 2013 spes
2159 1930 2226 1994 in
2279 1928 2701 1994 subsecutura

447 2015 842 2082 dominorum
903 2014 1121 2080 sobole
1179 2013 1346 2102 [non]
1405 2015 1815 2098 relinquitur,
1874 2021 1939 2080 et
1994 2017 2163 2080 inter
2216 2037 2283 2080 se
2341 2015 2515 2080 facta
2571 2015 2702 2079 dis-

446 2103 736 2168 sensione
781 2106 848 2166 et
888 2100 1082 2183 longa
1129 2101 1538 2165 contentione
1584 2101 1848 2184 aliquod
1895 2103 2235 2166 consilium
2274 2102 2371 2168 vel
2416 2101 2701 2167 solamen

448 2191 576 2253 cito
633 2209 759 2253 non
815 2186 1248 2272 provideturssl
1353 2185 1421 2251 Si
1477 2187 1544 2251 in
1604 2189 2181 2270 consanguinitatis
2237 2188 2410 2253 linea
2467 2188 2703 2271 aliquis

445 2275 565 2340 tali
611 2272 819 2340 offitio
866 2272 1096 2356 dignus
1142 2293 1269 2338 non
1314 2271 1694 2350 inveniatur,
1746 2273 1975 2338 saltem
2020 2273 2087 2338 in
2133 2274 2264 2339 alia
2307 2274 2469 2340 bene
2513 2275 2703 2340 mori-

447 2367 734 2445 geratuS‚
790 2359 964 2425 omni
1009 2359 1157 2425 odio
1201 2359 1425 2444 procul
1468 2365 1717 2423 remoto
1764 2365 2157 2438 assumatur3
2215 2361 2369 2444 quia
2424 2361 2705 2425 maxima

445 2446 731 2534 perdicio
770 2452 867 2511 est
901 2445 1336 2531 alienigenosh
1372 2465 1667 2529 regnare:
1730 2445 1879 2509 hinc
1913 2443 2237 2530 depressio
2284 2453 2349 2510 et
2383 2443 2705 2511 libertatis

446 2534 620 2599 venit
662 2554 895 2616 magna
940 2533 1347 2617 periclitatio,
1439 2531 1536 2596 Ab
1584 2532 1724 2609 hoc,
1782 2531 1859 2597 de
1903 2552 2031 2615 quo
2078 2532 2231 2611 dixi,
2288 2532 2593 2597 Heinrico
2640 2540 2705 2597 et

139 2642 257 2683 wm.
288 2641 324 2689 1,
351 2642 420 2683 aa
447 2619 924 2686 successoribus
969 2620 1103 2684 suis
1147 2640 1351 2702 usque
1397 2618 1523 2683 huc
1559 2618 1877 2683 *Saxones
1921 2618 2151 2683 elevati
2196 2625 2261 2683 et
2305 2620 2371 2683 in
2408 2618 2705 2683 omnibus
2732 2634 2755 2659 *

448 2713 599 2772 sunt
632 2706 950 2771 honorati.
1022 2704 1359 2788 Quicquid¹
1402 2706 1469 2769 in
1505 2704 1675 2769 hiisk
1710 2703 2032 2784 laudatur,
2080 2704 2163 2769 ab
2198 2705 2505 2788 equivoco
2548 2706 2704 2783 eiuS,

446 2793 524 2858 de
579 2812 705 2875 quo
758 2792 1116 2876 scripturus
1171 2812 1313 2856 sum
1367 2792 1500 2856 vita
1554 2791 1813 2870 comite,
1870 2790 2210 2873 diligenter
2264 2799 2588 2870 servatur,
2643 2798 2707 2856 et

445 2885 612 2964 post,
655 2884 730 2943 ut
775 2898 1013 2956 vereor,
1061 2876 1370 2962 finitur⁴.]

621 2966 721 3030 20.
775 2964 973 3049 [Ergo
1011 2984 1451 3047 quaecumque
1487 2962 1566 3027 de
1601 2962 1729 3027 hiis
1766 2960 2109 3026 ullatenus¹
2141 2983 2309 3026 nunc
2345 2968 2705 3045 preteream

448 3049 546 3115 vel
591 3052 722 3115 vita
767 3049 1100 3116 deficiente
1146 3048 1505 3114 indiscussa
1550 3048 1927 3132 relinquam,
1975 3067 2303 3112 successor
2343 3046 2704 3129 karissime,

450 3136 765 3221 compleas
827 3142 896 3201 et
954 3143 1314 3220 temporum
1382 3134 1731 3219 qualitates
1784 3134 2140 3219 scripturae
2196 3136 2505 3201 memoria
2557 3156 2705 3200 con-

451 3222 691 3288 cludas.
793 3223 930 3305 Ego
979 3229 1288 3306 peccator
1339 3228 1405 3287 et
1448 3222 1513 3285 in
1568 3220 1861 3286 omnibus
1905 3220 2244 3303 neglegens
2289 3221 2509 3285 vacavi
2553 3222 2705 3286 hac-

449 3316 693 3374 tenusm
724 3331 763 3373 a
797 3308 982 3373 bonis
1020 3314 1085 3373 et
1118 3308 1335 3373 studui
1371 3308 1437 3372 in
1474 3307 1679 3386 malis,
1716 3326 1857 3371 sero
1894 3305 1974 3370 ad
2012 3307 2138 3370 ista
2176 3304 2262 3455 Set
2298 3306 2381 3371 ad
2420 3303 2703 3391 meliora]

449 3396 816 3479 respicienS,
865 3396 1246 3477 animaeque
1287 3394 1663 3458 memoriam
1700 3392 2051 3457 salutarem
2090 3413 2175 3456 nu
2202 3391 2263 3457 lo
2301 3392 2490 3458 modo
2530 3413 2703 3456 exer-

565 3533 622 3599 *)
660 3533 788 3615 qu.
817 3536 849 3588 2
895 3540 946 3588 et
982 3536 1130 3615 Aym.
1169 3533 1320 3588 Saxo
1359 3533 1599 3612 addunt.-
1648 3533 1752 3613 Hic
1791 3532 1848 3585 in
1879 3547 2028 3612 ‘nova
2070 3529 2295 3613 Corbeia
2340 3547 2488 3585 aram
2532 3528 2703 3582 sancti

659 3603 1253 3741 {iidismgdiiffiisagiie
1267 3606 1323 3656 et
1359 3618 1585 3671 gemm1s
1620 3617 1782 3655 varus
1818 3601 2039 3655 mmfice
2076 3602 2288 3655 ornavit
2322 3600 2539 3655 hortatu
2566 3598 2703 3651 Mat-

451 3793 495 3840 a)
525 3792 739 3839 sanguine
757 3792 808 3831 A.
913 3791 960 3841 b)
985 3791 1165 3840 implum
1186 3790 1236 3829 A.
1345 3790 1386 3839 c)
1413 3792 1460 3829 ln
1489 3790 1699 3837 mesburg
1724 3801 1831 3829 corr.
1861 3790 2089 3839 mersburg
2116 3792 2204 3841 ipse
2222 3789 2259 3828 A
2277 3786 2444 3827 videtur
2470 3786 2702 3825 addidme.

454 3844 504 3893 d)
521 3845 664 3895 pergit
680 3843 820 3883 eudem
838 3854 987 3883 manus
1004 3844 1057 3893 A,
1084 3843 1158 3882 sed
1184 3844 1270 3882 alio
1298 3845 1472 3891 tempore
1498 3844 1536 3882 et
1562 3853 1691 3891 usque
1717 3842 1775 3881 acl
1790 3842 1922 3891 finem
1939 3842 2043 3892 solii
2064 3844 2105 3889 9,
2133 3843 2180 3881 in
2204 3850 2374 3880 rasura.
2476 3840 2521 3887 ο)
2548 3838 2706 3877 indolis

451 3908 555 3936 corr.
584 3906 735 3935 mnus
755 3897 979 3945 posterior.
1087 3894 1122 3943 f)
1149 3894 1410 3943 principium
1427 3894 1465 3933 Δ
1515 3896 1701 3944 saepius.
1807 3899 1856 3941 g)
1885 3894 2181 3944 providebitur
2199 3893 2250 3940 A,
2278 3892 2352 3931 sed
2378 3902 2543 3930 nasum
2568 3892 2613 3930 bi
2640 3892 2704 3929 in·

451 3952 605 3987 eertum
630 3960 659 3987 α
684 3959 781 3997 quo.
873 3947 923 3995 h)
949 3948 1196 4038 difflues
1213 3946 1264 3995 Δ,
1285 3946 1559 3993 aligenlenas
1582 3956 1687 3985 corr.
1718 3946 1760 3986 V.
1858 3946 1891 3994 i)
1916 3945 2073 3995 quich
2092 3949 2129 3985 1.
2228 3945 2274 3991 k)
2302 3946 2476 3983 alterum
2494 3945 2509 3982 i
2529 3942 2631 3982 add.
2654 3944 2704 3982 Τ.

449 3999 485 4051 1)
511 4001 555 4040 la
579 4000 681 4039 add.
723 4000 766 4040 V.
871 4000 931 4047 ιιι)
960 4000 985 4037 h
1111 4028 1121 4039 .
1157 3999 1204 4037 V.

454 4106 506 4169 1)
545 4104 758 4159 Necrol.
789 4103 1023 4158 Merseb.
1071 4103 1177 4155 XI.
1218 4102 1348 4156 Kal.
1378 4104 1508 4156 Iun.
1527 4122 1544 4154 .·
1583 4102 1648 4155 In
1685 4102 1967 4171 Mersburg
2002 4101 2273 4155 dedicacio
2309 4099 2528 4154 ecclesie
2564 4096 2708 4151 infra

451 4172 839 4227 monasterium
877 4171 1180 4226 constitute.
1337 4171 1390 4237 2)
1445 4172 1537 4225 Ex
1574 4170 1787 4225 Necrol.
1826 4172 2058 4225 Merseb.
2216 4170 2270 4235 3)
2329 4169 2481 4223 Hinc
2515 4167 2709 4233 incipit

454 4244 630 4297 altera
663 4243 828 4296 huius
864 4242 994 4295 libri
1023 4257 1176 4309 pars,
1212 4257 1353 4310 quae
1381 4246 1508 4309 post
1539 4241 1791 4309 quintum
1826 4240 2040 4293 demum
2076 4239 2273 4292 librum
2310 4238 2545 4291 diversis
2579 4242 2706 4289 tem-

447 4312 679 4380 poribus
699 4312 976 4378 paulatim
1005 4312 1310 4377 conscripta
1337 4316 1418 4364 est
1428 4327 1444 4374 ‚·
1475 4308 1546 4377 ef.
1577 4308 1781 4363 ‘Neues
1809 4308 2033 4361 Archiv'
2065 4308 2159 4361 XI
2173 4308 2229 4359 V.
2268 4308 2302 4360 l.
2337 4323 2384 4360 c.
2522 4306 2576 4365 4)
2612 4304 2705 4357 Ve-

451 4387 602 4436 retnr
635 4380 881 4435 videlieet
905 4386 1099 4441 noster,
1136 4396 1204 4433 ne
1231 4378 1526 4433 Heinricus
1556 4380 1637 4431 ΙΙ.
1669 4378 1787 4431 sine
1812 4376 1995 4432 liberis
2020 4376 2305 4441 moriatur,
2335 4392 2369 4429 a
2398 4388 2708 4427 successore

453 4457 634 4505 autem
667 4450 786 4503 eius
822 4449 1067 4503 Saxones
1104 4449 1284 4502 minus
1319 4449 1663 4503 honorentur.

2725 833 2747 858 ¹·
2766 836 2846 885 soz.
2868 834 2919 875 ε’.

2784 1687 2900 1715 man.
2931 1677 2970 1716 A

2754 1729 2811 1766 al.
2839 1729 2963 1778 temp.

2774 2637 2858 2685 sol.
2879 2639 2923 2679 9.
