3100 5050
169 1282 191 1306 ’⁸¹
209 1283 290 1331 sol.
309 1282 388 1325 22⁴.

1035 417 1441 475 'I'HIE'I'MARI
1478 419 1738 476 CHRON.
1809 421 1945 475 LIB.
1982 421 2056 476 11.
2604 425 2671 479 29

424 573 692 638 tivitatis
741 574 997 638 Domini
1051 595 1282 659 corpus
1333 577 1542 640 sancti
1589 575 1883 639 Mauricii
1936 580 2003 639 et
2055 574 2457 656 quorundam
2513 576 2673 640 soci·
2705 593 2903 633 Dec-24·

425 680 605 724 orum
650 660 789 724 eius
834 682 978 724 cum
1031 661 1178 725 aliis
1232 668 1601 727 sanctorum
1652 662 2068 746 porcionibus
2112 661 2462 727 Ratisbone
2506 659 2676 750 [sibi]

421 745 690 810 allatum
743 745 902 814 est.l
1001 746 1186 824 Quod
1243 749 1547 826 maximo,
1609 757 1683 812 ut
1739 747 1978 824 decuit,
2037 747 2275 812 honore
2328 748 2679 814 Partheno-

420 832 654 915 polim⁸
715 833 1166 897 transmissum
1237 835 1527 898 unanimi
1596 833 2083 916 indigenarumb
2143 839 2210 897 et
2282 837 2678 918 comprovin-

421 918 681 982 cialium
755 917 1112 1006 [conventu]
1186 919 1424 984 ibidem
1496 925 1863 1003 susceptum
1926 928 2025 984 est
2095 925 2159 984 et
2218 919 2337 984 ad⁰
2398 922 2677 985 salutem

418 1005 672 1088 patriae
716 1006 924 1069 tocius
968 1005 1321 1070 hactenus⁸
1361 1013 1731 1071 veneratum
1777 1012 1892 1070 est.

595 1092 692 1156 18.
741 1089 902 1176 (12.)
965 1090 1221 1156 Interea
1248 1091 1667 1156 Bernhardus
1695 1093 1969 1156 antistes
1995 1092 2392 1156 venerandus
2418 1093 2673 1177 plenus·
2712 1100 2873 1168 (968).

421 1197 546 1260 que
602 1175 853 1240 dierum
915 1174 1285 1241 XLVIII⁰·‘¹
1330 1177 1755 1243 ordinationis
1816 1199 1971 1242 suae
2031 1176 2249 1243 anno2
2302 1186 2365 1243 et
2419 1183 2483 1242 in
2538 1180 2677 1263 ipso
2707 1193 2968 1237 chnflalb-

419 1265 543 1342 die,
588 1261 656 1326 id
692 1269 790 1327 est
824 1262 940 1326 111.
979 1261 1140 1327 Non.
1181 1263 1517 1329 Februarii
1531 1262 1581 1344 3,
1620 1264 2039 1329 *obdormivit
2081 1265 2147 1328 in
2188 1265 2480 1332 Domino,
2568 1265 2675 1328 In·
2701 1281 2894 1322 Febr-³.

420 1369 615 1433 super
651 1347 1110 1428 Willehelmus,
1157 1356 1420 1414 sanctae
1464 1349 1901 1434 archipresul⁰
1938 1350 2332 1433 Magonciae,
2380 1352 2484 1415 cui
2522 1372 2679 1416 cura

420 1435 506 1500 ab
567 1435 978 1518 imperatore,
1054 1434 1312 1500 domino
1375 1438 1609 1501 suimet
1669 1443 1735 1500 et
1792 1442 2083 1520 parente,
2156 1438 2495 1501 commissa
2555 1437 2681 1502 fuit

418 1521 946 1605 Parthenopolim
981 1521 1362 1605 disponendi
1391 1529 1771 1605 caeteraque
1798 1524 1976 1605 regni
2002 1523 2369 1588 necessaria
2394 1523 2677 1606 regendi,

420 1627 569 1670 cum
613 1608 965 1690 egrotantis
1008 1609 1269 1690 reginae
1313 1607 1502 1674 finem
1542 1608 1873 1673 Mahtildis
1909 1614 2293 1692 expectaret,
2338 1611 2404 1672 in
2442 1609 2676 1674 Redul-
2694 1624 2900 1676 wiam,
2914 1627 2981 1666 ‘14-

421 1691 748 1756 werothe4
811 1693 914 1757 VI.
961 1691 1124 1761 Non.
1171 1695 1416 1758 Marci⁵
1485 1696 1773 1761 moritur.
1890 1693 2095 1759 Huius
2165 1695 2410 1760 obitum
2479 1696 2679 1759 nimia
2704 1711 2833 1751 Mm-
2855 1712 2894 1750 ²·

419 1779 711 1861 corporis
754 1778 1124 1843 infirmitate
1169 1801 1474 1864 oppressa
1517 1780 1901 1845 venerabilis
1945 1782 2193 1863 regina,
2244 1781 2419 1846 nullo
2464 1781 2678 1846 adhuc

419 1873 604 1930 certa
647 1867 888 1944 nuntie,
932 1867 1335 1949 presentibus
1371 1870 1621 1931 cunctis
1658 1868 2002 1931 intimavit:
2052 1867 2314 1946 ‘Filius’,
2360 1869 2679 1950 inquiens,

419 1957 622 2015 ‘meus
659 1951 1152 2029 Willehelmus‘,
1200 1972 1314 2034 pro
1361 1952 1567 2017 dolor!
1615 1954 1746 2017 iam
1790 1954 2124 2036 expiranss
2172 1951 2547 2041 [memoriae
2581 1956 2677 2019 in-

419 2037 598 2121 diget
653 2034 989 2124 salutari].’
1094 2039 1180 2102 Et
1235 2038 1605 2118 Liudulfus,
1668 2039 1869 2104 abbas
1929 2038 2312 2104 Corbensish
2372 2042 2679 2122 egreius¹,

419 2123 889 2206 corporaliterk
934 2123 1059 2186 sibi
1093 2134 1535 2188 occurrentem
1572 2126 1753 2189 illum
1790 2133 1973 2190 nocte
2009 2125 2252 2205 eadem,
2302 2147 2431 2210 qua
2468 2133 2680 2191 trans-

419 2211 520 2289 iit,
567 2209 806 2289 videns,
860 2208 1195 2293 obstipuit¹
1248 2217 1313 2274 et
1369 2218 1693 2277 mortuum
1741 2210 1968 2296 [hunc]
2023 2233 2163 2276 esse
2200 2209 2679 2299 [confratribus]

418 2296 769 2364 nunciavit.
857 2295 1014 2359 Post
1053 2295 1212 2360 haec
1247 2304 1474 2361 sancta
1515 2297 1845 2362 Mahtildis
1882 2297 1966 2361 II.
1998 2297 2090 2365 Id.
2120 2299 2346 2362 Marcii
2382 2299 2681 2382 migravit
2699 2297 2984 2390 §22331114274-

420 2382 506 2447 ab
543 2381 661 2446 hoc
697 2381 908 2459 exili0‚
953 2383 1253 2464 spiritum
1289 2384 1691 2449 committens
1728 2405 1805 2448 ac
1840 2384 2119 2448 creatori
2148 2385 2382 2449 suimet
2407 2384 2682 2450 reddens

421 2470 562 2535 Deo
633 2469 1012 2553 sepultaque
1078 2475 1175 2535 est
1235 2490 1454 2539 coram
1517 2471 1710 2536 altari
1766 2468 2007 2536 Christi
2070 2471 2345 2553 presulis
2399 2469 2682 2538 Servacii

419 2558 606 2621 iuxta
651 2556 968 2621 seniorem
1014 2576 1226 2635 suuni,
1284 2557 1438 2639 quia
1483 2578 1673 2640 quem
1717 2558 2027 2643 viventem
2080 2556 2421 2635 dilexerat,
2482 2556 2678 2646 [huie]

421 2664 492 2707 se
537 2647 857 2706 mortuam
901 2642 1220 2725 coniungi,
1269 2643 1577 2727 quamdiu
1623 2643 1862 2725 deguit,
1909 2664 2159 2727 semper
2201 2644 2562 2729 inploravit.

599 2729 696 2794 19.
797 2726 922 2813 13.)
1001 2728 1168 2793 Gero
1230 2750 1512 2813 quoque,
1584 2729 1883 2794 defensor
1940 2730 2219 2813 patriae,
2291 2730 2443 2795 dum
2505 2731 2678 2795 unici
2700 2749 2987 2801 Wid.111‚⁷5·

421 2820 628 2879 morte
671 2818 778 2879 tur
825 2820 1045 2879 aretur
1079 2812 1197 2878 filii
1234 2812 1513 2902 [suimet]
1550 2816 1823 2880 illustris
1853 2814 2202 2899 Sigifridifi,
2242 2816 2507 2881 Romam
2534 2838 2677 2900 per-

421 2921 597 2983 gens,
643 2900 949 2965 emeritus
995 2901 1125 2965 iam
1171 2921 1366 2965 senex
1409 2921 1623 2965 coram
1662 2901 1856 2967 altari
1901 2902 2207 2986 principis
2242 2904 2678 2985 apostolorum

425 2988 604 3050 Petri
649 3007 831 3051 arma
874 2986 1173 3069 deposuit
1230 2984 1536 3074 victricia]
1596 2995 1662 3053 et
1703 2987 1873 3071 apud
1913 2988 2215 3052 domnum
2255 2990 2680 3073 apostolicum

425 3073 635 3138 sancti
666 3074 1016 3157 impetrans
1058 3072 1212 3137 brac
1260 3072 1391 3137 ium
1423 3073 1663 3138 Ciriaci
1713 3074 1797 3139 ad
1827 3075 2029 3139 Deum
2068 3095 2214 3139 cum
2248 3076 2420 3139 omni
2453 3076 2684 3140 suimet

425 3158 780 3223 hereditate
815 3158 1120 3244 confugit.
1201 3159 1613 3243 Patriamque
1648 3161 1930 3226 revisens
1965 3162 2103 3225 nati
2138 3161 2370 3226 suimet
2405 3161 2679 3238 viduam,

425 3296 472 3349 a)
486 3297 518 3337 h
536 3296 640 3337 aad.
664 3298 714 3338 Τ.
794 3296 1181 3346 b)1ndiemrumA
1198 3295 1274 3345 (es.
1291 3298 1328 3349 Ι,
1345 3298 1431 3339 cn.
1446 3299 1516 3347 a)3
1531 3310 1563 3347 g
1578 3297 1683 3338 add.
1700 3299 1749 3338 Τ.
1820 3298 1867 3348 c)
1880 3298 1909 3337 d
1922 3298 2026 3339 add.
2049 3299 2098 3339 Τ.
2166 3298 2211 3350 d)
2227 3310 2335 3339 corr.
2350 3310 2401 3340 a
2415 3300 2632 3341 XLVIIII
2644 3308 2681 3340 ο.

425 3350 470 3400 e)
494 3349 694 3398 archipr-e
719 3349 870 3398 presul
895 3351 944 3390 ὄπ
969 3348 1135 3388 duabus
1161 3350 1284 3389 lineis
1311 3351 1354 3390 1.
1486 3350 1523 3399 f)
1554 3350 1887 3390 uusslehellmus
1914 3353 1953 3390 1.
2093 3350 2140 3402 g)
2167 3352 2386 3401 expiravit
2411 3352 2462 3402 A,
2490 3364 2598 3391 οων.
2629 3353 2679 3393 Τ.

425 3401 476 3454 h)
500 3402 771 3441 corbeiensis
797 3402 844 3441 V.
948 3399 982 3451 ί)
1008 3402 1189 3440 alterum
1216 3410 1240 3441 e
1267 3400 1370 3443 add.
1399 3402 1442 3451 V,
1467 3403 1517 3441 ni
1529 3403 1683 3452 fallor.
1789 3401 1837 3452 k)
1864 3402 2143 3452 carperaliter
2159 3402 2211 3443 A.
2316 3402 2352 3455 l)
2378 3403 2605 3453 obstupuit
2631 3403 2679 3443 V.

426 3504 480 3573 1)
530 3503 684 3571 Cous.
722 3506 867 3559 Anu.
915 3504 1045 3560 Sam.
1089 3511 1140 3559 et
1174 3507 1321 3559 Anu.
1359 3505 1550 3573 Mayd.
1601 3524 1652 3561 a.
1688 3506 1815 3569 961,
1865 3522 1930 3560 σω
1972 3507 2173 3575 quibus
2218 3508 2309 3561 hic
2357 3508 2681 3577 antiquioris

423 3574 595 3640 fontis
631 3579 908 3629 conteoetus
945 3574 1070 3629 coll‘
1101 3575 1214 3629 itur
1227 3594 1245 3627 .·
1299 3574 1591 3643 Regnante
1626 3574 1868 3643 piissimo
1912 3591 2038 3645 rege
2076 3574 2299 3640 ottone,
2351 3592 2489 3631 anno
2523 3577 2679 3645 regni

426 3642 540 3697 eius
575 3642 767 3704 XXV..
814 3644 1053 3710 presenti
1089 3659 1152 3696 us
1189 3642 1390 3712 legatis
1425 3642 1608 3698 domni
1645 3643 1925 3711 apostolici
1970 3648 2026 3698 et
2059 3645 2378 3699 universalis
2423 3662 2559 3713 pape
2596 3646 2679 3701 Io-

425 3712 619 3766 hannis
655 3711 781 3765 XII.
816 3740 884 3751 —-
919 3740 1012 3773 -,
1061 3711 1472 3780 archiepiscopis
1515 3729 1640 3767 vero
1676 3740 1743 3751 —
1780 3740 1845 3749 —
1858 3753 1871 3776 ,
1940 3713 2199 3781 episcopis
2251 3730 2458 3784 quoque
2495 3742 2559 3752 -
2596 3744 2680 3779 —-,

424 3782 484 3862 in
510 3780 706 3863 vigi-lia
730 3782 947 3835 sanctae
973 3780 1284 3862 natis-‘itatis
1311 3797 1496 3863 corpus
1521 3782 1699 3863 sancti
1717 3782 1964 3836 Mauricii
1993 3784 2049 3836 et
2075 3782 2403 3857 quorundam
2423 3784 2681 3866 sociorum

425 3845 2683 4001 azarffluffissfsssssfflffl..isss‘ffisszissffgssffff‘gnhssffifflffifflssffz

425 4004 595 4056 ponae
623 3988 822 4042 allatae
849 3991 993 4043 sunt.
1045 3989 1197 4043 Unde
1217 3988 1581 4043 'flammarum
1605 3991 1857 4044 hausisse
1883 3997 2148 4057 apparet5
2174 4007 2285 4058 qua
2310 4008 2369 4044 m
2395 4007 2451 4045 re
2477 4007 2683 4045 annum

423 4059 578 4125 reyni
627 4058 815 4112 XXV.
864 4056 1008 4120 falso
1059 4058 1444 4125 interpretatus
1492 4065 1573 4113 est
1619 4076 1671 4113 a.
1708 4060 1828 4124 961,
1874 4074 1994 4112 cum
2039 4065 2177 4113 esset
2209 4060 2325 4113 960.
2405 4060 2687 4115 Dummler

421 4142 479 4195 p.
505 4128 625 4183 319.
761 4126 816 4193 2)
854 4126 1081 4182 Rectius
1111 4126 1287 4179 XLV.
1315 4132 1421 4180 aut
1454 4126 1601 4180 XLI
1605 4128 1688 4193 V.‚
1714 4142 1763 4180 v.
1786 4143 1961 4194 supra
1986 4129 2036 4190 I,
2065 4129 2149 4192 22,
2176 4128 2457 4182 Dummler
2476 4144 2534 4196 p.
2560 4130 2681 4184 438.

426 4196 482 4259 3)
516 4196 614 4249 Ex
648 4194 863 4251 Necrol.
902 4194 1154 4261 Mei-seb„
1189 4194 1255 4248 ni
1285 4194 1468 4261 fallor.
1608 4198 1664 4261 4)
1703 4196 2073 4251 Rottleberode
2105 4197 2224 4251 vico
2260 4198 2401 4252 inter
2437 4197 2682 4268 Stozbery

427 4269 478 4317 et
505 4264 713 4318 Kelbra
739 4266 860 4320 sito.
965 4265 1020 4329 5)
1047 4266 1140 4319 Ex
1161 4264 1474 4331 Necroloyii
1491 4264 1723 4319 Merseb.
1745 4271 1907 4331 parte
1934 4265 2229 4332 deperdita.
2335 4267 2390 4333 6)
2422 4268 2682 4321 Mortuus

427 4333 642 4388 videtur
665 4349 780 4388 esse
805 4335 906 4389 959
933 4334 1006 4395 (v.
1030 4334 1202 4398 VIII,
1229 4334 1280 4395 3,
1315 4332 1599 4387 Dwmmler
1621 4350 1676 4401 p.
1695 4334 1839 4398 324),
1868 4334 1980 4388 nisi
2005 4334 2349 4390 Thiebmarus
2374 4336 2432 4390 ἐκ
2458 4350 2682 4390 niune-ro

428 4418 709 4466 ‹tuum-um,
745 4419 846 4471 per
877 4417 1011 4471 quos
1043 4402 1266 4455 vidua-m
1301 4402 1422 4456 eius
1448 4402 1773 4457 monasterio
1801 4404 2174 4458 Gemi-odensi
2191 4404 2505 4472 praefuisse
2532 4406 2681 4473 dicit,

429 4472 647 4535 erravit,
683 4478 746 4527 ut
777 4487 940 4540 saepe
971 4471 1031 4524 iu
1063 4471 1305 4525 nummis
1339 4471 1620 4527 eiusmodi.
