3100 5050
253 562 403 621 1003.

195 3457 325 3504 Mart.
343 3457 411 3497 28.

437 397 540 455 124
1065 394 1471 451 THIETMARI
1507 394 1767 452 CHRON.
1837 396 1980 451 LIB.
2017 396 2080 451 V.

437 571 746 634 umquam
789 549 1020 633 dignus
1063 548 1404 635 dimidiare
1447 549 1589 615 dies
1604 550 1659 631 ¹,
1712 571 1855 616 cum
1900 570 2057 615 snae
2100 548 2384 615 malitiae
2429 549 2694 615 fautori-

437 637 558 703 bus
600 635 1009 703 interficeret.

608 748 712 815 30.
805 745 904 812 Ob
965 745 1088 811 hoo
1157 744 1454 811 residuus
1515 746 1792 831 populus
1858 746 2129 811 multum
2192 745 2551 811 formidans
2611 744 2695 810 ad

439 832 832 898 Bolizlavum
870 832 1176 898 Polenum
1215 831 1483 898 nuncios
1529 832 1894 898 clanculum
1938 832 2140 911 misit,
2186 832 2299 916 qui
2341 831 2694 915 perpetrati

437 918 747 984 facinoris
781 917 1289 1001 magnitudinem
1323 916 1649 983 edicerent
1682 928 1747 985 et
1784 918 1987 984 futuri
2024 918 2273 983 timoris
2300 918 2695 1000 ereptionem

439 1004 521 1071 ab
595 1024 674 1071 eo
742 1010 1095 1090 poscerent.
1211 1002 1331 1068 His
1389 1003 1667 1069 libenter
1724 1004 1963 1069 auditis
2031 1024 2181 1069 mox
2238 1024 2354 1089 per
2412 1003 2696 1086 legatum

436 1090 688 1156 fidelem
733 1089 941 1156 hunc·
991 1088 1075 1155 ad
1128 1088 1520 1172 colloquium
1575 1091 1861 1155 cominus
1915 1091 1983 1155 in
2035 1110 2183 1154 arce
2236 1086 2559 1173 quadam²
2609 1087 2695 1153 ad

436 1175 781 1243 tractanda
841 1197 985 1240 cum
1039 1195 1116 1240 eo
1177 1174 1493 1257 quaedam
1549 1176 1915 1242 necessaria
1977 1176 2333 1241 communis
2390 1174 2695 1239 utilitatis

438 1284 585 1329 cum
641 1261 866 1346 paucis
923 1260 1009 1326 ad
1065 1282 1134 1325 se
1193 1260 1480 1344 postulat
1523 1262 1757 1327 venire.
1864 1262 2033 1327 Huic
2076 1261 2289 1326 iunior
2331 1260 2695 1325 Bolizlavus

436 1349 586 1414 ilico
649 1348 1054 1413 consentiens
1114 1346 1198 1411 ad
1260 1347 1624 1413 condictum
1683 1348 1894 1413 locum
1957 1347 2277 1430 perrexitb
2330 1346 2695 1411 caritative-

439 1456 563 1519 que
632 1434 716 1499 ab
783 1454 858 1499 eo
914 1432 1121 1517 primo
1179 1439 1516 1516 susceptus
1591 1434 1659 1497 in
1716 1433 2010 1516 sequenti
2067 1439 2255 1497 nocte
2312 1433 2515 1497 erutis
2572 1430 2697 1496 sibi

436 1520 660 1599 oculi8,
705 1540 786 1584 ne
831 1539 1137 1602 umquam
1179 1519 1247 1583 in
1294 1539 1443 1585 suos
1485 1519 1619 1584 tale
1654 1519 1809 1603 quid
1843 1523 2249 1603 perpetraret
2281 1518 2382 1583 vel
2417 1517 2695 1601 amplius

436 1607 676 1674 ibidem
718 1626 990 1687 regnare
1024 1604 1346 1683 valuisset,
1395 1604 1478 1671 ab
1525 1606 1664 1671 eius
1707 1603 2136 1670 familiaribus
2188 1611 2286 1669 est
2332 1603 2695 1688 prohibitus

437 1694 759 1775 exilioque
810 1691 996 1773 longo
1057 1690 1404 1775 deputatus
1467 1698 1583 1757 est.
1692 1691 1769 1756 In
1832 1691 2126 1773 sequenti
2186 1691 2384 1773 igitur
2446 1690 2550 1755 die
2611 1688 2695 1753 ad

438 1780 716 1861 Pragam
785 1776 1089 1842 velociter
1163 1796 1520 1861 properans
1599 1776 1681 1841 ab
1750 1776 1978 1842 incolis
2063 1797 2315 1860 semper
2383 1774 2462 1841 de
2534 1794 2697 1840 nova

436 1863 874 1930 dominatione
967 1861 1398 1945 gaudentibus
1482 1863 1917 1929 introducitur
2004 1862 2551 1944 communiterque
2628 1861 2696 1925 in

437 1950 765 2015 dominum
811 1947 1131 2014 laudatur.
1231 1949 1651 2014 Acorescente
1694 1949 1891 2032 igitur
1933 1947 2025 2013 ibi
2068 1947 2344 2013 seculari
2384 1948 2694 2031 potentia,

437 2036 759 2101 attollitur
810 2033 1172 2100 infrenatae
1223 2034 1456 2099 mentis
1510 2035 1711 2100 multo
1764 2036 1971 2099 maior
2024 2034 2210 2099 solito
2270 2033 2694 2098 contumacia.

438 2121 645 2201 Haec,
704 2122 930 2200 lector,
991 2118 1333 2186 attendens
1392 2121 1585 2198 scit0‚
1646 2120 1838 2203 quod,
1898 2120 2080 2186 ouius
2139 2120 2394 2185 animus
2438 2119 2505 2183 in
2548 2137 2695 2203 pro-

438 2209 643 2293 speris
694 2206 770 2271 fit
822 2204 1077 2285 elatior,
1130 2206 1197 2271 in
1252 2205 1540 2271 adversis
1596 2226 1745 2289 sepe
1790 2206 1917 2271 erit
1958 2204 2284 2283 humilior,
2341 2204 2512 2288 quod
2563 2224 2692 2268 non

439 2314 578 2360 esse
623 2292 930 2377 sapientis
975 2292 1298 2377 scriptura
1340 2298 1637 2359 testatur.

610 2408 712 2471 31.
773 2403 935 2489 (19.)
1020 2402 1200 2469 Haec
1257 2402 1474 2468 omnia
1527 2424 1643 2468 rex
1701 2401 1986 2467 dictante
2046 2401 2223 2466 fama
2278 2400 2695 2485 comperiens,

438 2491 706 2557 honesta
762 2491 1077 2574 gravitate
1133 2490 1334 2556 animi
1390 2490 1696 2574 patientis
1751 2488 1927 2565 tulit,
1995 2488 2129 2554 suis
2185 2488 2523 2554 dumtaxat
2578 2487 2696 2552 im-

436 2585 672 2662 putans
742 2577 1053 2658 peccatis,
1136 2575 1444 2660 quic-quid
1513 2578 1582 2641 in
1651 2595 1848 2658 regno
1919 2575 2055 2640 suis
2124 2574 2523 2659 temporibus
2601 2574 2697 2638 in-

440 2663 949 2729 commoditatis0
984 2662 1241 2728 accidit.
1325 2662 1568 2746 Itaque,
1608 2660 1779 2745 quod
1812 2666 2201 2744 oportunum
2229 2667 2382 2725 tunc
2419 2659 2696 2724 maxime

439 2749 567 2814 sibi
622 2748 986 2826 videbatur,
1056 2747 1480 2814 dissimulatis
1536 2746 1861 2825 omnibuS,
1928 2768 2093 2830 quae
2154 2747 2247 2811 eis
2308 2745 2695 2822 acciderant,

438 2837 706 2901 nuncios
751 2833 836 2900 ad
880 2834 1269 2899 Bolizlavum
1315 2835 1506 2912 misit,
1560 2832 1873 2897 mandans
1908 2835 1987 2911 ei,
2042 2834 2097 2898 si
2138 2838 2378 2897 terram
2418 2851 2622 2915 nuper
2658 2851 2698 2894 a

437 2943 506 2988 se
549 2919 974 3004 occupatam-⁹»
1019 2920 1098 2984 de
1151 2941 1271 2985 sua
1323 2920 1559 3003 gratia,
1614 2925 1688 2983 ut
1739 2920 1839 2983 ius
1894 2919 2228 3002 antiquum
2273 2917 2544 3001 poscit‘l,
2598 2937 2697 2982 re-

435 3010 641 3074 tinere
703 3006 955 3090 sibique
1010 3006 1077 3070 in
1139 3005 1434 3071 omnibus
1494 3003 1773 3070 fideliter
1831 3004 2024 3071 vellet
2084 3005 2348 3083 servire,
2420 3025 2488 3068 se
2558 3003 2696 3070 eius

437 3093 754 3159 voluntati
799 3093 866 3156 in
910 3091 1038 3156 hiis
1082 3092 1419 3170 assentire,
1465 3092 1565 3156 sin
1610 3090 1793 3169 alias,
1847 3111 1916 3155 se
1960 3091 2159 3156 armis
2204 3090 2300 3154 illi
2342 3089 2502 3154 velle
2546 3109 2698 3153 con-

436 3180 654 3244 traire.
753 3176 939 3242 Hanc
990 3177 1402 3261 legationem,
1463 3178 1591 3242 etsi
1641 3177 1881 3241 iustam
1934 3184 1999 3243 et
2055 3177 2214 3241 bene
2259 3175 2695 3260 compositam,

435 3272 649 3330 tamen
691 3262 1052 3328 Bolizlavus'
1095 3263 1356 3347 indigne
1401 3263 1758 3348 suscipiens
1802 3262 2085 3328 futuram
2127 3262 2431 3326 ultionem
2469 3261 2697 3326 merito

435 3351 810 3434 promeruit.
899 3350 1113 3414 Finita
1157 3371 1431 3433 namque
1477 3349 2021 3433 quadragesimali
2065 3347 2476 3427 abstinentia,
2530 3347 2698 3412 siout

439 3456 703 3502 exorsus
763 3457 930 3512 sum,
991 3435 1228 3500 festum
1271 3434 1574 3518 paschale
1621 3433 2156 3517 Quidilingaburg
2216 3441 2694 3499 antecessorum

437 3542 698 3587 suorum
745 3542 924 3586 more
968 3519 1436 3587 honorabiliter
1479 3541 1594 3585 rex
1638 3519 2004 3585 celebravit.
2096 3519 2194 3584 lbi
2232 3529 2370 3584 tum
2406 3521 2695 3603 iniquam

434 3608 979 3693 presumptionem
1015 3606 1321 3673 Bolizlavi
1351 3613 1417 3672 et
1441 3605 1900 3692 aspirationem
1927 3604 2255 3670 Heinrici4
2284 3605 2696 3671 dissimulans

435 3692 864 3760 familiaribus
935 3695 1098 3772 suis,
1172 3700 1242 3758 ut
1301 3699 1548 3758 tantam
1612 3692 2028 3757 festivitatem
2088 3691 2382 3770 decebat,
2454 3692 2694 3758 arrisit.

437 3779 540 3846 Ibi
586 3781 784 3845 etiam
830 3779 1127 3852 Ottonem
1174 3779 1398 3844 ducem
1445 3785 1510 3844 et
1554 3779 1944 3842 Ernastum0
1988 3800 2027 3843 a
2079 3778 2282 3863 prelio
2326 3776 2495 3841 male
2538 3797 2696 3860 pug-

437 3875 590 3931 nato
635 3871 1024 3930 revertentes
1061 3866 1252 3948 regiis
1290 3864 1474 3930 donis
1523 3863 1797 3929 honorat
1840 3865 2251 3948 paternisque
2290 3863 2697 3929 adminiculis

437 4037 482 4089 a)
522 4041 724 4086 nepotem
751 4037 803 4077 Δ.
824 4037 872 4077 S.
976 4035 1024 4088 b)
1051 4035 1140 4082 Qui
1159 4047 1258 4075 mox
1278 4038 1558 4076 consentiens
1578 4037 1633 4075 ad
1650 4037 1898 4077 condictum
1928 4038 2071 4076 locum
2100 4036 2315 4075 avunculo
2341 4035 2543 4074 occurrit.
2572 4034 2625 4073 A.
2647 4035 2695 4074 S.

438 4091 478 4139 c)
502 4089 763 4130 incommodi
789 4089 842 4129 A.
862 4088 909 4130 8.
1015 4088 1062 4140 d)
1087 4089 1228 4138 possit
1244 4089 1290 4134 23
1318 4098 1438 4127 more
1466 4089 1742 4138 antiquorum
1768 4099 1804 4128 r.
1844 4088 1897 4128 A.
1918 4090 1964 4128 S.
2071 4087 2112 4138 e)
2137 4091 2361 4128 arnestum
2378 4088 2420 4128 2.

438 4227 490 4292 1)
540 4228 592 4280 Ι.
627 4242 670 4280 e.
707 4229 969 4295 attinyere
1007 4227 1087 4279 vel
1121 4226 1407 4280 dimidium
1441 4226 1653 4281 dierum
1688 4228 1797 4282 sibi
1830 4241 2224 4282 concessarum.
2294 4227 2362 4280 L.
2520 4226 2574 4287 2)
2622 4227 2697 4280 In

436 4296 570 4350 urbe
604 4295 844 4349 Krakow
878 4296 978 4349 hoc
1012 4295 1275 4349 accidisse
1306 4297 1632 4362 posteriores
1665 4297 1907 4352 tradunt.
2046 4295 2100 4361 3)
2146 4295 2318 4350 Videt.
2355 4278 2695 4356 Boltemiana

428 4363 1062 4502 ssquwfforggzgerum
1110 4363 1374 4425 (valan-b!
1410 4366 1464 4431 I,
1509 4366 1613 4420 224
1656 4382 1708 4420 n.
1739 4368 1795 4430 1)
1835 4363 2002 4433 fuyit.
2157 4362 2211 4429 4)
2263 4364 2605 4418 Marchiom‘s
2637 4366 2697 4416 in
