3100 5050
1041 397 1447 453 ΤΗῙΕΤΜΑΒῙ
1484 397 1746 454 ΟΗΒΟΝ.
1816 398 1955 455 LIB.
1990 400 2086 454 VI.
2584 401 2685 456 165

429 552 1034 635 successoribusque
1081 552 1216 616 suis
1259 551 1769 636 inexsuperabile
1814 552 2267 617 detrimentum
2310 554 2683 635 promeruit.
2724 565 2873 623 1009.

427 638 721 703 Ecclesia
764 658 1040 720 namque
1084 658 1232 715 una,
1280 658 1443 720 quae
1483 644 1667 702 extra
1704 637 2053 702 Metensem
2089 637 2305 702 stabat
2340 638 2683 719 civitatem,

429 730 494 788 et
521 724 926 806 congregatio
955 721 1192 787 ibidem
1221 724 1502 787 serviens
1529 744 1571 787 a
1597 722 1874 787 Sclavis¹
1921 724 2131 788 Deum
2158 745 2284 788 non
2310 724 2686 789 timentibus

157 830 181 853 ²·
201 832 288 880 soz.
310 832 399 871 121.
428 815 735 875 vastatur.
829 808 952 873 Sed
996 808 1119 872 hoc
1166 808 1471 873 damnum
1515 830 1751 892 magna
1796 808 1909 873 *ex
1953 816 2137 891 parte
2182 830 2297 873 rex
2333 831 2475 874 cum
2510 811 2686 875 iura·

428 896 658 960 mentis
705 901 768 960 et
811 914 888 958 ex
935 916 1054 959 sua
1094 895 1489 977 proprietate
1529 895 1899 973 restituam,
1946 916 2025 959 ne
2064 894 2257 978 quid⁸
2292 895 2441 960 huic
2478 895 2685 960 simile

425 980 782 1059 accidisset,
819 986 1051 1045 cuncto
1087 980 1404 1045 exercitui
1437 1001 1663 1044 cavere
1692 981 2000 1065 precepit.
2058 981 2295 1044 Vineas
2333 987 2397 1045 et
2430 980 2687 1046 edificia

427 1087 572 1132 cum
626 1066 950 1131 frumento
1005 1067 1403 1149 caeterisque
1446 1065 1841 1131 utilitatibus
1894 1066 2061 1133 lesit.
2152 1065 2300 1130 Vidi
2350 1065 2689 1147 epistolam

425 1173 556 1223 non
615 1152 803 1235 longe
865 1159 1038 1234 post,
1101 1152 1216 1215 ubi
1278 1152 1789 1235 octingentorum
1854 1172 2157 1216 numerus
2218 1153 2685 1235 mancipiorum

428 1238 636 1303 sancti
674 1236 988 1319 Stephani
1031 1237 1378 1320 inscriptus
1421 1236 1565 1317 fuit,
1610 1258 1775 1320 quae
1819 1244 2082 1319 propter
2116 1236 2353 1301 famem
2390 1244 2455 1302 et
2490 1237 2685 1302 aliam

425 1323 874 1388 necessitatem
919 1344 960 1387 a
1002 1322 1230 1406 patriis
1263 1322 1500 1388 finibus
1536 1344 1793 1406 egressa
1829 1329 1980 1387 sunt
2013 1322 2257 1406 absque
2294 1324 2687 1389 conscientia

425 1409 928 1491 prepositorum,
985 1408 1304 1494 exceptisb
1359 1408 1679 1487 omnibm,
1736 1410 1848 1491 qui
1904 1430 2043 1473 cum
2099 1429 2412 1473 consensu
2462 1424 2685 1475 eorum

427 1493 740 1559 abierant.
832 1494 1058 1560 Sacius
1095 1499 1265 1559 esset
1299 1494 1448 1559 huic
1482 1493 1851 1573 aecclesiae,
1899 1494 2072 1579 quod
2106 1515 2457 1578 numquam
2494 1502 2686 1561 natus

407 1579 661 1645 fuisset
705 1580 896 1645 homo
941 1580 1068 1646 ille.

595 1666 698 1733 52.
765 1665 1142 1731 Describam
1190 1664 1486 1749 quoque2
1530 1687 1731 1730 unum
1784 1664 2035 1730 facinus
2082 1685 2331 1744 eorum,
2389 1666 2561 1748 quod
2616 1668 2685 1731 in

426 1750 710 1815 Adram3
752 1751 1064 1834 lugubre0
1108 1757 1512 1834 peregerunt.
1612 1750 1750 1815 Rex
1792 1757 2007 1815 autem
2057 1750 2287 1817 habuit
2340 1752 2681 1816 concilium

421 1836 490 1900 in
535 1836 864 1921 Magontia
907 1838 1167 1901 civitate
1226 1844 1291 1901 et
1334 1836 1428 1900 hii
1472 1841 1629 1901 tunc
1682 1835 2047 1901 interfuere.
2146 1837 2233 1902 Et
2276 1856 2419 1901 cum
2466 1839 2682 1903 omnia
2720 1833 2918 1900 (1011).

421 1921 662 1987 ibidem
709 1921 1062 1987 secundum
1101 1922 1335 1986 suimet
1367 1921 1673 2005 placitum
1719 1922 2105 2006 respondere
2140 1943 2268 1987 non
2304 1924 2683 2005 potuissent,

422 2010 660 2072 reversi
705 2013 858 2072 sunt
902 2007 1070 2085 irati,
1125 2028 1282 2090 pace
1327 2015 1544 2072 tamen
1589 2007 1673 2071 ad
1716 2014 1968 2091 tempus
2013 2007 2215 2087 facta3
2278 2015 2343 2073 et
2386 2030 2529 2073 cum
2576 2030 2683 2074 eos

424 2101 848 2175 sequerentur
884 2092 975 2156 nil
1008 2092 1165 2157 mali
1201 2100 1533 2174 sperantes
1573 2093 1800 2159 Heimo
1828 2092 2276 2158 Wirdunensis
2304 2094 2684 2177 episcopus4

424 2183 490 2242 et
543 2176 718 2241 dux⁵
771 2178 1172 2258 Thiedricus,
1236 2179 1509 2244 latentes
1565 2180 1872 2244 insidiasd
1934 2180 2255 2263 inproviso
2308 2180 2567 2244 irruunt
2620 2186 2684 2245 et

420 2264 647 2346 paucis
667 2261 1092 2347 effugentibus
1123 2284 1267 2329 cum
1297 2266 1651 2348 episcopis0
1670 2265 1989 2331 interfecti
2010 2274 2162 2329 sunt
2181 2265 2683 2331 innumerabiles

421 2348 560 2413 viri.
651 2350 801 2413 Dux
844 2350 950 2414 ille
995 2351 1187 2415 nimis
1224 2351 1593 2416 vulneratus
1640 2348 1769 2438 [et]‚
1808 2353 1961 2434 quia
1996 2353 2241 2415 amicus
2278 2372 2498 2416 eorum
2535 2350 2680 2429 fuit,

421 2442 648 2518 captus
685 2434 1030 2501 abducitur
1065 2443 1133 2500 et
1167 2437 1402 2501 multos
1449 2436 1588 2501 dies
1634 2436 2017 2501 custoditur.
2106 2436 2259 2501 Post
2302 2437 2463 2501 haec
2512 2436 2681 2501 datis

419 2519 752 2586 obsidibus
798 2522 1064 2587 solvitur
1107 2529 1172 2588 et
1215 2545 1254 2586 a
1299 2524 1470 2602 regis
1514 2522 1728 2604 gratia
1772 2522 1855 2588 ob
1901 2523 2019 2588 hoc
2064 2542 2193 2587 non
2237 2522 2595 2588 movetur.*

589 2608 692 2673 53.
757 2607 918 2693 (36.)
1015 2608 1314 2673 Interea6
1375 2609 1809 2673 Herimannus
1880 2629 2091 2673 comes
2160 2615 2225 2673 et
2284 2608 2678 2675 Guncelinus
2717 2614 2869 2670 1009.

418 2693 704 2758 marchio
749 2694 1018 2759 invicem
1064 2701 1384 2759 certantes
1437 2695 1745 2758 inusitato
1804 2694 1870 2757 in
1923 2695 2049 2759 hiis
2092 2694 2461 2778 regionibus
2505 2716 2681 2760 more

418 2776 779 2843 conflixere.
856 2779 1148 2861 Namque
1185 2779 1579 2845 Guncelinus
1618 2778 1895 2844 Strelam
1933 2780 2252 2845 civitatem
2292 2802 2331 2844 a
2366 2780 2679 2846 militibus

417 2863 800 2928 Herimanni
845 2865 1232 2930 custoditam
1288 2887 1656 2950 expugnare
1708 2871 2035 2948 temptans
2089 2874 2154 2931 et
2206 2867 2299 2930 nil
2338 2864 2681 2950 proficiens

418 2948 836 3014 Rocholenzif
897 2950 1123 3015 urbem
1183 2952 1367 3015 iuxta
1427 2950 1693 3016 Mildam
1750 2951 1986 3015 flumen
2044 2951 2367 3036 positam⁷
2430 2958 2495 3016 et
2555 2972 2682 3016 non

137 3053 161 3078 *
182 3054 266 3104 soz.
287 3051 391 3094 121⁴.
418 3032 579 3098 bene
623 3035 948 3118 provisam
992 3036 1287 3101 incendio
1333 3036 1730 3102 con*sumere
1779 3038 2084 3121 precepit.
2180 3038 2453 3122 Insuper
2505 3038 2681 3122 quic-

418 3118 578 3203 quid
623 3120 1168 3187 incommoditatis
1212 3121 1503 3206 predicto
1551 3123 1797 3201 comiti,
1853 3124 2007 3206 quia
2050 3144 2302 3205 semper
2344 3125 2562 3209 patrui
2612 3125 2681 3188 in

417 3206 696 3270 fratrum
743 3205 907 3272 filios
954 3209 1270 3286 seviunt&
1327 3207 1540 3273 facere
1586 3210 1826 3291 potuit,
1886 3208 1955 3273 id
1998 3209 2365 3275 nullatenus
2392 3207 2681 3284 distulit.

418 3290 852 3357 Herimannus
915 3299 980 3358 et
1039 3292 1458 3359 Ekkihardus
1522 3293 1881 3359 confratres
1946 3295 2281 3360 castellum
2353 3294 2679 3378 quoddam

417 3377 601 3442 iuxta
664 3377 881 3443 Salam
943 3379 1166 3456 situm,
1241 3380 1412 3463 quod
1475 3379 1867 3445 Guncelinus
1930 3382 2115 3446 unice
2178 3380 2302 3446 sibi
2373 3381 2680 3446 dilectum

415 3464 622 3528 muris
667 3469 731 3528 et
773 3463 1053 3549 presidio
1099 3463 1377 3531 firmavit
1421 3465 1750 3554 bonisque
1777 3466 2350 3532 innumerabilibus
2392 3466 2677 3550 replevit,

529 3617 586 3684 *)
623 3619 830 3700 Ere-isis
873 3619 932 3672 in
978 3621 1165 3675 dextro
1209 3621 1457 3741 maffin?
1491 3622 1751 3702 ‘versibus
1796 3622 2007 3703 duobus
2050 3628 2116 3702 et·
2135 3621 2359 3702 dimidio
2396 3622 2463 3676 N
2500 3622 2560 3675 in
2594 3622 2677 3676 in-

620 3689 820 3752 fenore
847 3687 1092 3743 addzdzt:
1132 3705 1268 3742 anno
1341 3705 1601 3743 omlmcae
1630 3691 2015 3744 lncarnatloms
2042 3690 2331 3745 mllleslmo
2358 3729 2371 3742 .
2396 3729 2408 3742 .
2430 3731 2443 3744 .
2464 3728 2477 3743 .
2513 3689 2679 3744 Bern-

620 3756 817 3810 hardus
854 3754 957 3809 dux
993 3755 1218 3812 Corbeia
1253 3757 1410 3812 obiit.

415 3874 460 3927 a)
486 3867 549 3926 (ιδ’
570 3877 610 3915 1.
731 3873 781 3926 b)
807 3875 1001 3924 acceptis
1027 3876 1080 3926 B,
1109 3887 1217 3916 corr.
1241 3878 1290 3916 Τ.
1410 3876 1451 3926 c)
1479 3867 1617 3925 logui>
1641 3879 1685 3917 1.
1804 3876 1849 3927 d)
1874 3876 2136 3916 insidiantes
2162 3879 2216 3916 B.
2322 3876 2366 3929 e)
2395 3878 2596 3927 episcopo
2625 3879 2678 3926 B,

414 3938 524 3967 corr.
557 3927 607 3967 T.
737 3927 776 3976 f)
809 3927 1055 3966 rocholenti
1090 3928 1144 3976 B,
1181 3929 1257 3977 qui
1292 3939 1414 3978 saepe
1449 3929 1480 3966 ti
1511 3941 1595 3978 pro
1631 3929 1673 3967 ci
1709 3927 1895 3976 exhibea·
1950 3928 2201 3968 rocholenzi
2238 3939 2343 3969 corr.
2377 3929 2424 3978 Τ,
2466 3931 2613 3978 putea
2648 3939 2678 3968 n

413 3990 576 4018 eratum
603 3982 675 4018 eet.
781 3977 827 4030 g)
852 3979 1044 4018 seruiunt
1068 3980 1122 4030 Β,
1149 3991 1258 4018 corr.
1282 3981 1330 4019 Τ.

415 4081 470 4146 1)
517 4083 775 4138 Liuticiie
811 4101 847 4137 a
881 4098 1006 4150 reqe
1043 4090 1232 4137 contra
1265 4083 1484 4138 rebelles
1517 4084 1714 4139 ductis.
1870 4083 1924 4148 2)
1978 4084 2087 4138 His
2120 4085 2297 4138 verbis
2334 4084 2536 4138 Thietm
2544 4099 2679 4138 arus

413 4150 800 4218 dimensionem
841 4167 1078 4218 parvam
1126 4152 1352 4218 indicat,
1400 4167 1567 4220 quam
1620 4153 1685 4206 de
1735 4153 1899 4207 rebus
1945 4154 2005 4206 in
2053 4153 2478 4207 occidentalibus
2524 4153 2681 4220 regni

407 4220 664 4285 partibus
691 4225 886 4287 postea
917 4221 1085 4288 yestie
1117 4221 1453 4288 imo-editum·
1488 4237 1538 4274 v.
1568 4218 1805 4275 ‘Jahrbss
1834 4223 1922 4286 ΙΙ,
1958 4223 2249 4276 310-311,
2376 4223 2431 4281 3)
2472 4220 2675 4275 Oderu-

413 4286 552 4340 heim
595 4289 714 4342 vico
757 4290 900 4342 inter
940 4287 1271 4356 oppenheim
1314 4295 1367 4344 et
1409 4290 1582 4357 Aleey
1624 4291 1748 4343 sito.
1904 4289 1959 4354 4)
2011 4290 2121 4353 Qua·
2154 4291 2291 4345 sedit
2333 4289 2508 4344 988-
2524 4291 2675 4344 1024.

413 4353 468 4420 5)
503 4355 899 4422 Lotharinqiae
933 4358 1248 4425 super-ione.
1401 4359 1454 4420 6)
1493 4359 1583 4412 De
1620 4359 1963 4427 chronologia
1999 4360 2193 4412 horum
2227 4359 2471 4426 capitum
2504 4374 2679 4427 usque

413 4422 492 4476 ad
522 4422 686 4490 finem
719 4425 850 4478 libri
878 4425 949 4492 cf.
979 4424 1184 4482 ‘Neues
1220 4427 1443 4482 Archiv'
1485 4427 1582 4481 XI
1584 4427 1648 4488 V,
1678 4444 1737 4495 p.
1767 4429 1835 4482 70
1868 4443 1944 4496 sq.
2084 4427 2137 4492 7)
2154 4427 2439 4483 ·Rochlitz.
