<?xml version="1.0" encoding="UTF-8"?>
<!DOCTYPE html PUBLIC "-//W3C//DTD XHTML 1.0 Transitional//EN"
    "http://www.w3.org/TR/xhtml1/DTD/xhtml1-transitional.dtd">
<html xmlns="http://www.w3.org/1999/xhtml" xml:lang="en" lang="en">
 <head>
  <title>
</title>
<meta http-equiv="Content-Type" content="text/html;charset=utf-8" />
  <meta name='ocr-system' content='tesseract 3.04.00' />
  <meta name='ocr-capabilities' content='ocr_page ocr_carea ocr_par ocr_line ocrx_word'/>
</head>
<body>
  <div class='ocr_page' id='page_1' title='image "./thietmarimerseb00lappgoog_0086.png"; bbox 0 0 3100 5050; ppageno 0'>
   <div class='ocr_carea' id='block_1_1' title="bbox 297 574 416 630">
    <p class='ocr_par' dir='ltr' id='par_1_1' title="bbox 297 574 416 630">
     <span class='ocr_line' id='line_1_1' title="bbox 297 574 416 630; baseline -0.025 0"><span class='ocrx_word' id='word_1_1' title='bbox 297 574 416 630; x_wconf 81' lang='lat'><em>984.</em></span> 
     </span>
    </p>
   </div>
   <div class='ocr_carea' id='block_1_2' title="bbox 451 404 2189 463">
    <p class='ocr_par' dir='ltr' id='par_1_2' title="bbox 451 404 2189 463">
     <span class='ocr_line' id='line_1_2' title="bbox 451 404 2189 463; baseline -0.001 0"><span class='ocrx_word' id='word_1_2' title='bbox 451 409 519 463; x_wconf 87' lang='grc'><strong>66</strong></span> <span class='ocrx_word' id='word_1_3' title='bbox 1041 404 1448 462; x_wconf 81' lang='grc' dir='ltr'><em>ΤΗΙΕΤΜΑΒΙ</em></span> <span class='ocrx_word' id='word_1_4' title='bbox 1485 404 1749 462; x_wconf 83' lang='lat' dir='ltr'>CHRON.</span> <span class='ocrx_word' id='word_1_5' title='bbox 1818 406 1957 462; x_wconf 86' lang='lat' dir='ltr'><strong>LIB.</strong></span> <span class='ocrx_word' id='word_1_6' title='bbox 1992 405 2126 461; x_wconf 84' lang='lat'>1111.</span> <span class='ocrx_word' id='word_1_7' title='bbox 2186 439 2189 442; x_wconf 62' lang='grc'><strong><em>«</em></strong></span> 
     </span>
    </p>
   </div>
   <div class='ocr_carea' id='block_1_3' title="bbox 451 559 2709 646">
    <p class='ocr_par' dir='ltr' id='par_1_3' title="bbox 451 559 2709 646">
     <span class='ocr_line' id='line_1_3' title="bbox 451 559 2709 646; baseline 0 -21"><span class='ocrx_word' id='word_1_8' title='bbox 451 561 632 626; x_wconf 91' lang='lat' dir='ltr'><strong>iussu</strong></span> <span class='ocrx_word' id='word_1_9' title='bbox 676 559 1136 646; x_wconf 81' lang='lat' dir='ltr'><strong>archipresulis</strong></span> <span class='ocrx_word' id='word_1_10' title='bbox 1174 560 1492 644; x_wconf 79' lang='lat' dir='ltr'>willigisi,</span> <span class='ocrx_word' id='word_1_11' title='bbox 1539 559 1773 643; x_wconf 87' lang='lat' dir='ltr'><strong>quibus</strong></span> <span class='ocrx_word' id='word_1_12' title='bbox 1817 559 2174 627; x_wconf 79' lang='lat' dir='ltr'>adherebat</span> <span class='ocrx_word' id='word_1_13' title='bbox 2216 560 2709 626; x_wconf 83' lang='lat' dir='ltr'><strong>occidentalium</strong></span> 
     </span>
    </p>
   </div>
   <div class='ocr_carea' id='block_1_4' title="bbox 430 646 1144 739">
    <p class='ocr_par' dir='ltr' id='par_1_4' title="bbox 430 646 1144 739">
     <span class='ocr_line' id='line_1_4' title="bbox 430 646 1144 739; baseline 0.006 -29"><span class='ocrx_word' id='word_1_14' title='bbox 430 647 733 739; x_wconf 71' lang='lat' dir='ltr'><strong>¹maxima,</strong></span> <span class='ocrx_word' id='word_1_15' title='bbox 777 646 1144 715; x_wconf 76' lang='lat' dir='ltr'><strong>multitudo,</strong></span> 
     </span>
    </p>
   </div>
   <div class='ocr_carea' id='block_1_5' title="bbox 445 731 2711 2101">
    <p class='ocr_par' dir='ltr' id='par_1_5' title="bbox 445 731 2711 2014">
     <span class='ocr_line' id='line_1_5' title="bbox 622 731 2711 816; baseline -0 -18"><span class='ocrx_word' id='word_1_16' title='bbox 622 735 683 802; x_wconf 89' lang='lat'><strong>3.</strong></span> <span class='ocrx_word' id='word_1_17' title='bbox 745 732 928 810; x_wconf 83' lang='lat' dir='ltr'><strong>Quod</strong></span> <span class='ocrx_word' id='word_1_18' title='bbox 963 732 1096 798; x_wconf 85' lang='lat' dir='ltr'><strong>dux</strong></span> <span class='ocrx_word' id='word_1_19' title='bbox 1143 731 1536 816; x_wconf 89' lang='lat' dir='ltr'><strong>comperiens</strong></span> <span class='ocrx_word' id='word_1_20' title='bbox 1581 751 1733 796; x_wconf 86' lang='lat' dir='ltr'><strong>suos</strong></span> <span class='ocrx_word' id='word_1_21' title='bbox 1778 732 2027 815; x_wconf 86' lang='lat' dir='ltr'><strong>magnis</strong></span> <span class='ocrx_word' id='word_1_22' title='bbox 2064 732 2435 798; x_wconf 89' lang='lat' dir='ltr'><strong>muneribus</strong></span> <span class='ocrx_word' id='word_1_23' title='bbox 2469 732 2711 798; x_wconf 87' lang='lat' dir='ltr'><strong>ditatos</strong></span> 
     </span>
     <span class='ocr_line' id='line_1_6' title="bbox 451 816 2711 902; baseline -0 -19"><span class='ocrx_word' id='word_1_24' title='bbox 451 838 596 883; x_wconf 88' lang='lat' dir='ltr'><strong>cum</strong></span> <span class='ocrx_word' id='word_1_25' title='bbox 651 819 865 902; x_wconf 85' lang='lat' dir='ltr'><strong>gratia</strong></span> <span class='ocrx_word' id='word_1_26' title='bbox 918 817 1189 896; x_wconf 81' lang='lat' dir='ltr'><strong>dimisit3</strong></span> <span class='ocrx_word' id='word_1_27' title='bbox 1252 818 1387 901; x_wconf 89' lang='lat' dir='ltr'><strong>ipse</strong></span> <span class='ocrx_word' id='word_1_28' title='bbox 1440 823 1656 882; x_wconf 89' lang='lat' dir='ltr'><strong>autem</strong></span> <span class='ocrx_word' id='word_1_29' title='bbox 1710 838 1855 883; x_wconf 89' lang='lat' dir='ltr'><strong>cum</strong></span> <span class='ocrx_word' id='word_1_30' title='bbox 1913 816 2127 882; x_wconf 84' lang='lat' dir='ltr'><strong>valida</strong></span> <span class='ocrx_word' id='word_1_31' title='bbox 2179 840 2374 883; x_wconf 91' lang='lat' dir='ltr'><strong>manu</strong></span> <span class='ocrx_word' id='word_1_32' title='bbox 2430 817 2515 882; x_wconf 88' lang='lat' dir='ltr'><strong>ad</strong></span> <span class='ocrx_word' id='word_1_33' title='bbox 2564 839 2711 902; x_wconf 91' lang='lat' dir='ltr'><strong>per-</strong></span> 
     </span>
     <span class='ocr_line' id='line_1_7' title="bbox 450 902 2708 986; baseline 0 -19"><span class='ocrx_word' id='word_1_34' title='bbox 450 902 841 968; x_wconf 77' lang='lat' dir='ltr'><strong>turbandam</strong></span> <span class='ocrx_word' id='word_1_35' title='bbox 885 903 1053 969; x_wconf 86' lang='lat' dir='ltr'><strong>hanc</strong></span> <span class='ocrx_word' id='word_1_36' title='bbox 1097 902 1605 968; x_wconf 90' lang='lat' dir='ltr'><strong>coniurationem</strong></span> <span class='ocrx_word' id='word_1_37' title='bbox 1652 923 1765 967; x_wconf 90' lang='lat' dir='ltr'><strong>seu</strong></span> <span class='ocrx_word' id='word_1_38' title='bbox 1808 902 2275 986; x_wconf 87' lang='lat' dir='ltr'><strong>pacificandam</strong></span> <span class='ocrx_word' id='word_1_39' title='bbox 2320 902 2403 968; x_wconf 88' lang='lat' dir='ltr'><strong>ad</strong></span> <span class='ocrx_word' id='word_1_40' title='bbox 2448 904 2667 968; x_wconf 89' lang='lat' dir='ltr'><strong>Werlu</strong></span> <span class='ocrx_word' id='word_1_41' title='bbox 2686 903 2708 948; x_wconf 84' lang='lat'>¹</span> 
     </span>
     <span class='ocr_line' id='line_1_8' title="bbox 449 988 2710 1074; baseline 0 -22"><span class='ocrx_word' id='word_1_42' title='bbox 449 1008 805 1073; x_wconf 88' lang='lat' dir='ltr'><strong>properans</strong></span> <span class='ocrx_word' id='word_1_43' title='bbox 867 989 1234 1074; x_wconf 91' lang='lat' dir='ltr'><strong>Popponem</strong></span> <span class='ocrx_word' id='word_1_44' title='bbox 1296 989 1475 1052; x_wconf 80' lang='lat' dir='ltr'>misit</span> <span class='ocrx_word' id='word_1_45' title='bbox 1527 988 1929 1070; x_wconf 87' lang='lat' dir='ltr'><strong>episcopum,</strong></span> <span class='ocrx_word' id='word_1_46' title='bbox 1996 995 2071 1055; x_wconf 92' lang='lat' dir='ltr'><strong>ut</strong></span> <span class='ocrx_word' id='word_1_47' title='bbox 2121 989 2535 1054; x_wconf 79' lang='lat' dir='ltr'><strong>adversantes</strong></span> <span class='ocrx_word' id='word_1_48' title='bbox 2583 989 2710 1052; x_wconf 85' lang='lat' dir='ltr'><strong>sibi</strong></span> 
     </span>
     <span class='ocr_line' id='line_1_9' title="bbox 449 1073 2707 1162; baseline 0 -24"><span class='ocrx_word' id='word_1_49' title='bbox 449 1074 817 1158; x_wconf 85' lang='lat' dir='ltr'><strong>disiungere</strong></span> <span class='ocrx_word' id='word_1_50' title='bbox 858 1073 1006 1162; x_wconf 75' lang='lat' dir='ltr'><strong>[vel]</strong></span> <span class='ocrx_word' id='word_1_51' title='bbox 1046 1073 1451 1139; x_wconf 86' lang='lat' dir='ltr'><strong>reconciliari</strong></span> <span class='ocrx_word' id='word_1_52' title='bbox 1487 1079 1852 1157; x_wconf 88' lang='lat' dir='ltr'><strong>temptaret.</strong></span> <span class='ocrx_word' id='word_1_53' title='bbox 1917 1075 2043 1153; x_wconf 82' lang='lat' dir='ltr'><strong>Qui</strong></span> <span class='ocrx_word' id='word_1_54' title='bbox 2076 1096 2222 1140; x_wconf 91' lang='lat' dir='ltr'><strong>cum</strong></span> <span class='ocrx_word' id='word_1_55' title='bbox 2260 1082 2444 1160; x_wconf 92' lang='lat' dir='ltr'><strong>cepto</strong></span> <span class='ocrx_word' id='word_1_56' title='bbox 2480 1075 2707 1139; x_wconf 88' lang='lat' dir='ltr'><strong>itinere</strong></span> 
     </span>
     <span class='ocr_line' id='line_1_10' title="bbox 447 1159 2707 1246; baseline -0 -21"><span class='ocrx_word' id='word_1_57' title='bbox 447 1161 845 1244; x_wconf 81' lang='lat' dir='ltr'><strong>persisteret,</strong></span> <span class='ocrx_word' id='word_1_58' title='bbox 891 1160 1105 1225; x_wconf 88' lang='lat' dir='ltr'><strong>hostes</strong></span> <span class='ocrx_word' id='word_1_59' title='bbox 1151 1165 1571 1242; x_wconf 83' lang='lat' dir='ltr'><strong>congregatos</strong></span> <span class='ocrx_word' id='word_1_60' title='bbox 1614 1161 1871 1244; x_wconf 87' lang='lat' dir='ltr'><strong>iamque</strong></span> <span class='ocrx_word' id='word_1_61' title='bbox 1917 1159 2141 1225; x_wconf 89' lang='lat' dir='ltr'><strong>ducem</strong></span> <span class='ocrx_word' id='word_1_62' title='bbox 2183 1171 2401 1246; x_wconf 87' lang='lat' dir='ltr'><strong>petere</strong></span> <span class='ocrx_word' id='word_1_63' title='bbox 2446 1166 2707 1243; x_wconf 89' lang='lat' dir='ltr'><strong>paratos</strong></span> 
     </span>
     <span class='ocr_line' id='line_1_11' title="bbox 449 1244 2707 1330; baseline 0 -20"><span class='ocrx_word' id='word_1_64' title='bbox 449 1247 776 1311; x_wconf 83' lang='lat' dir='ltr'><strong>inveniens</strong></span> <span class='ocrx_word' id='word_1_65' title='bbox 831 1247 935 1310; x_wconf 85' lang='lat' dir='ltr'><strong>vix</strong></span> <span class='ocrx_word' id='word_1_66' title='bbox 984 1265 1210 1329; x_wconf 88' lang='lat' dir='ltr'><strong>pacem</strong></span> <span class='ocrx_word' id='word_1_67' title='bbox 1264 1253 1557 1309; x_wconf 88' lang='lat' dir='ltr'><strong>mutuam</strong></span> <span class='ocrx_word' id='word_1_68' title='bbox 1616 1245 1683 1308; x_wconf 90' lang='lat' dir='ltr'><strong>in</strong></span> <span class='ocrx_word' id='word_1_69' title='bbox 1728 1244 1895 1322; x_wconf 86' lang='lat' dir='ltr'><strong>loco,</strong></span> <span class='ocrx_word' id='word_1_70' title='bbox 1950 1246 2062 1330; x_wconf 91' lang='lat' dir='ltr'><strong>qui</strong></span> <span class='ocrx_word' id='word_1_71' title='bbox 2108 1245 2397 1311; x_wconf 82' lang='lat' dir='ltr'><strong>Seusun2</strong></span> <span class='ocrx_word' id='word_1_72' title='bbox 2449 1245 2707 1326; x_wconf 88' lang='lat' dir='ltr'><strong>dicitur,</strong></span> 
     </span>
     <span class='ocr_line' id='line_1_12' title="bbox 450 1328 2707 1414; baseline -0 -18"><span class='ocrx_word' id='word_1_73' title='bbox 450 1331 535 1396; x_wconf 89' lang='lat' dir='ltr'><strong>ad</strong></span> <span class='ocrx_word' id='word_1_74' title='bbox 601 1330 966 1397; x_wconf 88' lang='lat' dir='ltr'><strong>condictum</strong></span> <span class='ocrx_word' id='word_1_75' title='bbox 1045 1330 1288 1414; x_wconf 85' lang='lat' dir='ltr'><strong>pepigit</strong></span> <span class='ocrx_word' id='word_1_76' title='bbox 1367 1328 1557 1398; x_wconf 89' lang='lat' dir='ltr'><strong>diem.</strong></span> <span class='ocrx_word' id='word_1_77' title='bbox 1684 1329 1817 1394; x_wconf 84' lang='lat' dir='ltr'><strong>*Ad</strong></span> <span class='ocrx_word' id='word_1_78' title='bbox 1886 1352 2079 1414; x_wconf 90' lang='lat' dir='ltr'><strong>quam</strong></span> <span class='ocrx_word' id='word_1_79' title='bbox 2151 1331 2283 1396; x_wconf 86' lang='lat' dir='ltr'><strong>dux</strong></span> <span class='ocrx_word' id='word_1_80' title='bbox 2351 1332 2707 1397; x_wconf 84' lang='lat' dir='ltr'><strong>Bawariam</strong></span> 
     </span>
     <span class='ocr_line' id='line_1_13' title="bbox 446 1414 2711 1500; baseline 0 -18"><span class='ocrx_word' id='word_1_81' title='bbox 446 1419 754 1483; x_wconf 89' lang='lat' dir='ltr'><strong>continuo</strong></span> <span class='ocrx_word' id='word_1_82' title='bbox 807 1414 1215 1500; x_wconf 87' lang='lat' dir='ltr'><strong>proficiscens</strong></span> <span class='ocrx_word' id='word_1_83' title='bbox 1268 1436 1414 1480; x_wconf 90' lang='lat' dir='ltr'><strong>cum</strong></span> <span class='ocrx_word' id='word_1_84' title='bbox 1461 1414 1677 1480; x_wconf 85' lang='lat' dir='ltr'><strong>venire</strong></span> <span class='ocrx_word' id='word_1_85' title='bbox 1730 1421 1842 1481; x_wconf 89' lang='lat' dir='ltr'><strong>aut</strong></span> <span class='ocrx_word' id='word_1_86' title='bbox 1885 1416 2235 1482; x_wconf 73' lang='lat' dir='ltr'><strong>noluisset⁸</strong></span> <span class='ocrx_word' id='word_1_87' title='bbox 2289 1425 2407 1483; x_wconf 89' lang='lat' dir='ltr'><strong>aut</strong></span> <span class='ocrx_word' id='word_1_88' title='bbox 2446 1425 2711 1500; x_wconf 87' lang='lat' dir='ltr'><strong>propter</strong></span> 
     </span>
     <span class='ocr_line' id='line_1_14' title="bbox 450 1500 2711 1586; baseline -0 -18"><span class='ocrx_word' id='word_1_89' title='bbox 450 1504 824 1568; x_wconf 87' lang='lat' dir='ltr'><strong>Heinricum</strong></span> <span class='ocrx_word' id='word_1_90' title='bbox 871 1500 1117 1579; x_wconf 90' lang='lat' dir='ltr'><strong>ducem,</strong></span> <span class='ocrx_word' id='word_1_91' title='bbox 1173 1502 1284 1586; x_wconf 91' lang='lat' dir='ltr'><strong>qui</strong></span> <span class='ocrx_word' id='word_1_92' title='bbox 1329 1507 1486 1566; x_wconf 91' lang='lat' dir='ltr'><strong>tunc</strong></span> <span class='ocrx_word' id='word_1_93' title='bbox 1529 1501 1843 1566; x_wconf 84' lang='lat' dir='ltr'><strong>Bawariis</strong></span> <span class='ocrx_word' id='word_1_94' title='bbox 1887 1507 2083 1585; x_wconf 89' lang='lat' dir='ltr'><strong>atque</strong></span> <span class='ocrx_word' id='word_1_95' title='bbox 2130 1502 2422 1568; x_wconf 86' lang='lat' dir='ltr'><strong>Carentis</strong></span> <span class='ocrx_word' id='word_1_96' title='bbox 2468 1502 2711 1585; x_wconf 86' lang='lat' dir='ltr'><strong>prefuit</strong></span> 
     </span>
     <span class='ocr_line' id='line_1_15' title="bbox 449 1586 2709 1673; baseline -0.001 -19"><span class='ocrx_word' id='word_1_97' title='bbox 449 1610 713 1672; x_wconf 86' lang='lat' dir='ltr'><strong>munere</strong></span> <span class='ocrx_word' id='word_1_98' title='bbox 751 1588 985 1673; x_wconf 84' lang='lat' dir='ltr'><strong>prefati</strong></span> <span class='ocrx_word' id='word_1_99' title='bbox 1021 1588 1409 1670; x_wconf 88' lang='lat' dir='ltr'><strong>inperatoris</strong></span> <span class='ocrx_word' id='word_1_100' title='bbox 1421 1586 1472 1667; x_wconf 85' lang='grc'><strong>3,</strong></span> <span class='ocrx_word' id='word_1_101' title='bbox 1509 1607 1636 1652; x_wconf 89' lang='lat' dir='ltr'><strong>non</strong></span> <span class='ocrx_word' id='word_1_102' title='bbox 1675 1588 2009 1669; x_wconf 88' lang='lat' dir='ltr'><strong>potuisset,</strong></span> <span class='ocrx_word' id='word_1_103' title='bbox 2046 1587 2299 1652; x_wconf 89' lang='lat' dir='ltr'><strong>hostilis</strong></span> <span class='ocrx_word' id='word_1_104' title='bbox 2336 1589 2709 1652; x_wconf 85' lang='lat' dir='ltr'><strong>immanitas</strong></span> 
     </span>
     <span class='ocr_line' id='line_1_16' title="bbox 450 1670 2709 1756; baseline -0 -16"><span class='ocrx_word' id='word_1_105' title='bbox 450 1675 672 1740; x_wconf 88' lang='lat' dir='ltr'><strong>urbem</strong></span> <span class='ocrx_word' id='word_1_106' title='bbox 715 1675 974 1740; x_wconf 87' lang='lat' dir='ltr'><strong>comitis</strong></span> <span class='ocrx_word' id='word_1_107' title='bbox 1009 1672 1298 1752; x_wconf 88' lang='lat' dir='ltr'><strong>Ekberti‚</strong></span> <span class='ocrx_word' id='word_1_108' title='bbox 1344 1693 1511 1756; x_wconf 90' lang='lat' dir='ltr'><strong>quae</strong></span> <span class='ocrx_word' id='word_1_109' title='bbox 1549 1670 1715 1738; x_wconf 78' lang='lat' dir='ltr'><strong>Ala4</strong></span> <span class='ocrx_word' id='word_1_110' title='bbox 1759 1672 2013 1753; x_wconf 86' lang='lat' dir='ltr'><strong>dicitur,</strong></span> <span class='ocrx_word' id='word_1_111' title='bbox 2060 1673 2373 1754; x_wconf 82' lang='lat' dir='ltr'><strong>possedit3</strong></span> <span class='ocrx_word' id='word_1_112' title='bbox 2421 1673 2709 1739; x_wconf 88' lang='lat' dir='ltr'><strong>destruc-</strong></span> 
     </span>
     <span class='ocr_line' id='line_1_17' title="bbox 445 1757 2707 1844; baseline -0.001 -19"><span class='ocrx_word' id='word_1_113' title='bbox 445 1762 659 1844; x_wconf 88' lang='lat' dir='ltr'><strong>tisque</strong></span> <span class='ocrx_word' id='word_1_114' title='bbox 682 1761 979 1844; x_wconf 87' lang='lat' dir='ltr'><strong>protinus</strong></span> <span class='ocrx_word' id='word_1_115' title='bbox 1021 1759 1222 1825; x_wconf 88' lang='lat' dir='ltr'><strong>muris</strong></span> <span class='ocrx_word' id='word_1_116' title='bbox 1258 1759 1577 1824; x_wconf 82' lang='lat' dir='ltr'><strong>intrantes</strong></span> <span class='ocrx_word' id='word_1_117' title='bbox 1604 1757 2053 1824; x_wconf 88' lang='lat' dir='ltr'><strong>Ethelheidam</strong></span> <span class='ocrx_word' id='word_1_118' title='bbox 2080 1759 2467 1842; x_wconf 86' lang='lat' dir='ltr'><strong>inperatoris</strong></span> <span class='ocrx_word' id='word_1_119' title='bbox 2486 1757 2707 1838; x_wconf 87' lang='lat' dir='ltr'><strong>filiam,</strong></span> 
     </span>
     <span class='ocr_line' id='line_1_18' title="bbox 449 1844 2707 1930; baseline 0 -21"><span class='ocrx_word' id='word_1_120' title='bbox 449 1865 616 1930; x_wconf 90' lang='lat' dir='ltr'><strong>quae</strong></span> <span class='ocrx_word' id='word_1_121' title='bbox 677 1845 783 1910; x_wconf 90' lang='lat' dir='ltr'><strong>hic</strong></span> <span class='ocrx_word' id='word_1_122' title='bbox 824 1844 1261 1924; x_wconf 85' lang='lat' dir='ltr'><strong>nutriebatur,</strong></span> <span class='ocrx_word' id='word_1_123' title='bbox 1328 1865 1472 1909; x_wconf 91' lang='lat' dir='ltr'><strong>cum</strong></span> <span class='ocrx_word' id='word_1_124' title='bbox 1533 1845 1812 1928; x_wconf 89' lang='lat' dir='ltr'><strong>pecunia</strong></span> <span class='ocrx_word' id='word_1_125' title='bbox 1871 1844 1965 1909; x_wconf 90' lang='lat' dir='ltr'><strong>ibi</strong></span> <span class='ocrx_word' id='word_1_126' title='bbox 2024 1845 2373 1926; x_wconf 88' lang='lat' dir='ltr'><strong>plurimum</strong></span> <span class='ocrx_word' id='word_1_127' title='bbox 2436 1844 2707 1910; x_wconf 85' lang='lat' dir='ltr'><strong>collecta</strong></span> 
     </span>
     <span class='ocr_line' id='line_1_19' title="bbox 448 1929 1575 2014; baseline 0.002 -20"><span class='ocrx_word' id='word_1_128' title='bbox 448 1932 714 2014; x_wconf 89' lang='lat' dir='ltr'><strong>rapiunt</strong></span> <span class='ocrx_word' id='word_1_129' title='bbox 755 1930 1237 2014; x_wconf 83' lang='lat' dir='ltr'><strong>gaudentesque</strong></span> <span class='ocrx_word' id='word_1_130' title='bbox 1280 1929 1575 1998; x_wconf 89' lang='lat' dir='ltr'><strong>redeunt.</strong></span> 
     </span>
    </p>

    <p class='ocr_par' dir='ltr' id='par_1_6' title="bbox 618 2013 2706 2101">
     <span class='ocr_line' id='line_1_20' title="bbox 618 2013 2706 2101; baseline -0 -21"><span class='ocrx_word' id='word_1_131' title='bbox 618 2016 680 2082; x_wconf 89' lang='lat'><strong>4.</strong></span> <span class='ocrx_word' id='word_1_132' title='bbox 718 2015 836 2101; x_wconf 89' lang='lat'><strong>(3.)</strong></span> <span class='ocrx_word' id='word_1_133' title='bbox 899 2016 1049 2080; x_wconf 84' lang='lat' dir='ltr'><strong>Dux</strong></span> <span class='ocrx_word' id='word_1_134' title='bbox 1084 2022 1298 2080; x_wconf 89' lang='lat' dir='ltr'><strong>autem</strong></span> <span class='ocrx_word' id='word_1_135' title='bbox 1336 2016 1656 2081; x_wconf 88' lang='lat' dir='ltr'><strong>conversis</strong></span> <span class='ocrx_word' id='word_1_136' title='bbox 1704 2013 1792 2079; x_wconf 87' lang='lat' dir='ltr'><strong>ad</strong></span> <span class='ocrx_word' id='word_1_137' title='bbox 1834 2035 1903 2080; x_wconf 88' lang='lat' dir='ltr'><strong>se</strong></span> <span class='ocrx_word' id='word_1_138' title='bbox 1939 2015 2233 2080; x_wconf 91' lang='lat' dir='ltr'><strong>omnibus</strong></span> <span class='ocrx_word' id='word_1_139' title='bbox 2268 2014 2706 2080; x_wconf 87' lang='lat' dir='ltr'><strong>Bawariorum</strong></span> 
     </span>
    </p>
   </div>
   <div class='ocr_carea' id='block_1_6' title="bbox 377 2100 2708 2200">
    <p class='ocr_par' dir='ltr' id='par_1_7' title="bbox 377 2100 2708 2200">
     <span class='ocr_line' id='line_1_21' title="bbox 377 2100 2708 2200; baseline 0 -35"><span class='ocrx_word' id='word_1_140' title='bbox 377 2127 384 2135; x_wconf 74' lang='grc'><em>’</em></span> <span class='ocrx_word' id='word_1_141' title='bbox 448 2102 765 2200; x_wconf 79' lang='lat' dir='ltr'><strong>episcopis</strong></span> <span class='ocrx_word' id='word_1_142' title='bbox 841 2101 1306 2185; x_wconf 86' lang='lat' dir='ltr'><strong>comitibusque</strong></span> <span class='ocrx_word' id='word_1_143' title='bbox 1374 2101 1703 2166; x_wconf 88' lang='lat' dir='ltr'><strong>nonnullis</strong></span> <span class='ocrx_word' id='word_1_144' title='bbox 1763 2100 2159 2166; x_wconf 84' lang='lat' dir='ltr'><strong>Francorum</strong></span> <span class='ocrx_word' id='word_1_145' title='bbox 2228 2102 2536 2166; x_wconf 90' lang='lat' dir='ltr'><strong>terminos</strong></span> <span class='ocrx_word' id='word_1_146' title='bbox 2606 2100 2708 2166; x_wconf 89' lang='lat' dir='ltr'><strong>his</strong></span> 
     </span>
    </p>
   </div>
   <div class='ocr_carea' id='block_1_7' title="bbox 260 2806 420 2845">
    <p class='ocr_par' dir='ltr' id='par_1_8' title="bbox 260 2806 420 2845">
     <span class='ocr_line' id='line_1_22' title="bbox 260 2806 420 2845; baseline 0 0"><span class='ocrx_word' id='word_1_147' title='bbox 260 2816 334 2845; x_wconf 87' lang='lat' dir='ltr'><strong>uu.</strong></span> <span class='ocrx_word' id='word_1_148' title='bbox 354 2806 420 2845; x_wconf 74' lang='lat'><strong>29.</strong></span> 
     </span>
    </p>
   </div>
   <div class='ocr_carea' id='block_1_8' title="bbox 446 2185 2707 2530">
    <p class='ocr_par' dir='ltr' id='par_1_9' title="bbox 446 2185 2707 2530">
     <span class='ocr_line' id='line_1_23' title="bbox 447 2185 2707 2270; baseline 0 -19"><span class='ocrx_word' id='word_1_149' title='bbox 447 2194 650 2252; x_wconf 82' lang='lat' dir='ltr'><strong>tretus</strong></span> <span class='ocrx_word' id='word_1_150' title='bbox 695 2188 890 2252; x_wconf 90' lang='lat' dir='ltr'><strong>sociis</strong></span> <span class='ocrx_word' id='word_1_151' title='bbox 934 2187 1098 2253; x_wconf 87' lang='lat' dir='ltr'><strong>adiit</strong></span> <span class='ocrx_word' id='word_1_152' title='bbox 1149 2193 1216 2251; x_wconf 91' lang='lat' dir='ltr'><strong>et</strong></span> <span class='ocrx_word' id='word_1_153' title='bbox 1258 2188 1326 2250; x_wconf 90' lang='lat' dir='ltr'><strong>in</strong></span> <span class='ocrx_word' id='word_1_154' title='bbox 1369 2188 1628 2268; x_wconf 86' lang='lat' dir='ltr'><strong>pascuis</strong></span> <span class='ocrx_word' id='word_1_155' title='bbox 1686 2185 1769 2251; x_wconf 89' lang='lat' dir='ltr'><strong>ad</strong></span> <span class='ocrx_word' id='word_1_156' title='bbox 1815 2186 2197 2261; x_wconf 86' lang='lat' dir='ltr'><strong>Bisinstidi⁵</strong></span> <span class='ocrx_word' id='word_1_157' title='bbox 2238 2186 2707 2270; x_wconf 88' lang='lat' dir='ltr'><strong>pertinentibus</strong></span> 
     </span>
     <span class='ocr_line' id='line_1_24' title="bbox 447 2272 2707 2357; baseline 0 -20"><span class='ocrx_word' id='word_1_158' title='bbox 447 2273 532 2337; x_wconf 87' lang='lat' dir='ltr'><strong>ad</strong></span> <span class='ocrx_word' id='word_1_159' title='bbox 569 2272 988 2357; x_wconf 88' lang='lat' dir='ltr'><strong>alloquendos</strong></span> <span class='ocrx_word' id='word_1_160' title='bbox 1021 2273 1302 2355; x_wconf 85' lang='lat' dir='ltr'><strong>regionis</strong></span> <span class='ocrx_word' id='word_1_161' title='bbox 1338 2272 1512 2336; x_wconf 90' lang='lat' dir='ltr'><strong>illius</strong></span> <span class='ocrx_word' id='word_1_162' title='bbox 1544 2272 1867 2357; x_wconf 86' lang='lat' dir='ltr'><strong>principes</strong></span> <span class='ocrx_word' id='word_1_163' title='bbox 1904 2273 2197 2338; x_wconf 88' lang='lat' dir='ltr'><strong>consedit</strong></span> <span class='ocrx_word' id='word_1_164' title='bbox 2299 2273 2707 2356; x_wconf 84' lang='lat' dir='ltr'><strong>Magontinae</strong></span> 
     </span>
     <span class='ocr_line' id='line_1_25' title="bbox 446 2324 2707 2442; baseline -0.001 -17"><span class='ocrx_word' id='word_1_165' title='bbox 446 2365 600 2425; x_wconf 89' lang='lat' dir='ltr'><strong>tunc</strong></span> <span class='ocrx_word' id='word_1_166' title='bbox 653 2360 946 2442; x_wconf 86' lang='lat' dir='ltr'><strong>provisor</strong></span> <span class='ocrx_word' id='word_1_167' title='bbox 997 2358 1309 2424; x_wconf 89' lang='lat' dir='ltr'><strong>aeclesiae</strong></span> <span class='ocrx_word' id='word_1_168' title='bbox 1354 2358 1711 2440; x_wconf 88' lang='lat' dir='ltr'><strong>Willigisus</strong></span> <span class='ocrx_word' id='word_1_169' title='bbox 1763 2378 1909 2423; x_wconf 91' lang='lat' dir='ltr'><strong>cum</strong></span> <span class='ocrx_word' id='word_1_170' title='bbox 1967 2357 2129 2424; x_wconf 90' lang='lat' dir='ltr'><strong>duce</strong></span> <span class='ocrx_word' id='word_1_171' title='bbox 2172 2324 2515 2424; x_wconf 57' lang='lat' dir='ltr'><strong>&amp;onradoss</strong></span> <span class='ocrx_word' id='word_1_172' title='bbox 2568 2380 2707 2424; x_wconf 90' lang='lat' dir='ltr'><strong>cae·</strong></span> 
     </span>
     <span class='ocr_line' id='line_1_26' title="bbox 447 2444 2707 2530; baseline -0.001 -19"><span class='ocrx_word' id='word_1_173' title='bbox 447 2445 730 2530; x_wconf 87' lang='lat' dir='ltr'><strong>terisque</strong></span> <span class='ocrx_word' id='word_1_174' title='bbox 787 2445 1210 2527; x_wconf 87' lang='lat' dir='ltr'><strong>optimatibus</strong></span> <span class='ocrx_word' id='word_1_175' title='bbox 1271 2445 1398 2509; x_wconf 87' lang='lat' dir='ltr'><strong>huc</strong></span> <span class='ocrx_word' id='word_1_176' title='bbox 1457 2444 1646 2509; x_wconf 86' lang='lat' dir='ltr'><strong>venit.</strong></span> <span class='ocrx_word' id='word_1_177' title='bbox 1763 2445 1901 2508; x_wconf 89' lang='lat' dir='ltr'><strong>Hos</strong></span> <span class='ocrx_word' id='word_1_178' title='bbox 1973 2444 2131 2523; x_wconf 88' lang='lat' dir='ltr'><strong>dux,</strong></span> <span class='ocrx_word' id='word_1_179' title='bbox 2205 2444 2707 2529; x_wconf 88' lang='lat' dir='ltr'><strong>quibuscumque</strong></span> 
     </span>
    </p>
   </div>
   <div class='ocr_carea' id='block_1_9' title="bbox 2738 1352 2951 1402">
    <p class='ocr_par' dir='ltr' id='par_1_10' title="bbox 2738 1352 2951 1402">
     <span class='ocr_line' id='line_1_27' title="bbox 2738 1352 2951 1402; baseline 0.005 -11"><span class='ocrx_word' id='word_1_180' title='bbox 2738 1352 2760 1374; x_wconf 83' lang='lat'>*</span> <span class='ocrx_word' id='word_1_181' title='bbox 2780 1353 2862 1402; x_wconf 80' lang='lat' dir='ltr'><strong><em>soz.</em></strong></span> <span class='ocrx_word' id='word_1_182' title='bbox 2884 1353 2951 1392; x_wconf 80' lang='lat'><strong>52.</strong></span> 
     </span>
    </p>
   </div>
   <div class='ocr_carea' id='block_1_10' title="bbox 445 2530 2779 2618">
    <p class='ocr_par' dir='ltr' id='par_1_11' title="bbox 445 2530 2779 2618">
     <span class='ocr_line' id='line_1_28' title="bbox 445 2530 2779 2618; baseline -0.001 -21"><span class='ocrx_word' id='word_1_183' title='bbox 445 2532 651 2597; x_wconf 86' lang='lat' dir='ltr'><strong>valuit</strong></span> <span class='ocrx_word' id='word_1_184' title='bbox 703 2530 940 2610; x_wconf 89' lang='lat' dir='ltr'><strong>modis,</strong></span> <span class='ocrx_word' id='word_1_185' title='bbox 994 2530 1120 2596; x_wconf 88' lang='lat' dir='ltr'><strong>sibi</strong></span> <span class='ocrx_word' id='word_1_186' title='bbox 1171 2533 1556 2613; x_wconf 84' lang='lat' dir='ltr'><strong>coniungere</strong></span> <span class='ocrx_word' id='word_1_187' title='bbox 1610 2537 1933 2615; x_wconf 88' lang='lat' dir='ltr'><strong>temptans</strong></span> <span class='ocrx_word' id='word_1_188' title='bbox 1994 2552 2233 2615; x_wconf 85' lang='lat' dir='ltr'><strong>eosque</strong></span> <span class='ocrx_word' id='word_1_189' title='bbox 2294 2551 2335 2595; x_wconf 90' lang='lat' dir='ltr'><strong>a</strong></span> <span class='ocrx_word' id='word_1_190' title='bbox 2386 2532 2707 2613; x_wconf 85' lang='lat' dir='ltr'><strong>promissa</strong></span> <span class='ocrx_word' id='word_1_191' title='bbox 2765 2606 2779 2618; x_wconf 49' lang='grc'><em>,</em></span> 
     </span>
    </p>
   </div>
   <div class='ocr_carea' id='block_1_11' title="bbox 445 2615 2708 3128">
    <p class='ocr_par' dir='ltr' id='par_1_12' title="bbox 445 2615 2708 3128">
     <span class='ocr_line' id='line_1_29' title="bbox 445 2615 2707 2700; baseline -0 -18"><span class='ocrx_word' id='word_1_192' title='bbox 445 2618 585 2700; x_wconf 88' lang='lat' dir='ltr'><strong>regi</strong></span> <span class='ocrx_word' id='word_1_193' title='bbox 653 2637 770 2681; x_wconf 89' lang='lat' dir='ltr'><strong>suo</strong></span> <span class='ocrx_word' id='word_1_194' title='bbox 833 2637 979 2681; x_wconf 90' lang='lat' dir='ltr'><strong>cum</strong></span> <span class='ocrx_word' id='word_1_195' title='bbox 1041 2618 1462 2682; x_wconf 87' lang='lat' dir='ltr'><strong>sacramentis</strong></span> <span class='ocrx_word' id='word_1_196' title='bbox 1522 2615 1649 2681; x_wconf 92' lang='lat' dir='ltr'><strong>fide</strong></span> <span class='ocrx_word' id='word_1_197' title='bbox 1710 2637 2064 2700; x_wconf 89' lang='lat' dir='ltr'><strong>numquam</strong></span> <span class='ocrx_word' id='word_1_198' title='bbox 2122 2618 2255 2681; x_wconf 87' lang='lat' dir='ltr'><strong>vita</strong></span> <span class='ocrx_word' id='word_1_199' title='bbox 2314 2618 2549 2681; x_wconf 90' lang='lat' dir='ltr'><strong>comite</strong></span> <span class='ocrx_word' id='word_1_200' title='bbox 2610 2638 2707 2681; x_wconf 89' lang='lat' dir='ltr'><strong>re-</strong></span> 
     </span>
     <span class='ocr_line' id='line_1_30' title="bbox 448 2700 2708 2787; baseline -0.001 -19"><span class='ocrx_word' id='word_1_201' title='bbox 448 2723 740 2769; x_wconf 88' lang='lat' dir='ltr'><strong>cessuros</strong></span> <span class='ocrx_word' id='word_1_202' title='bbox 788 2703 1078 2767; x_wconf 86' lang='lat' dir='ltr'><strong>unanimi</strong></span> <span class='ocrx_word' id='word_1_203' title='bbox 1131 2724 1349 2767; x_wconf 91' lang='lat' dir='ltr'><strong>eorum</strong></span> <span class='ocrx_word' id='word_1_204' title='bbox 1395 2721 1705 2786; x_wconf 87' lang='lat' dir='ltr'><strong>responso</strong></span> <span class='ocrx_word' id='word_1_205' title='bbox 1760 2703 2123 2787; x_wconf 88' lang='lat' dir='ltr'><strong>percipiens</strong></span> <span class='ocrx_word' id='word_1_206' title='bbox 2167 2709 2430 2768; x_wconf 86' lang='lat' dir='ltr'><strong>coactus</strong></span> <span class='ocrx_word' id='word_1_207' title='bbox 2474 2708 2571 2767; x_wconf 87' lang='lat' dir='ltr'><strong>est</strong></span> <span class='ocrx_word' id='word_1_208' title='bbox 2611 2700 2708 2765; x_wconf 89' lang='lat' dir='ltr'><strong>fu-</strong></span> 
     </span>
     <span class='ocr_line' id='line_1_31' title="bbox 448 2786 2706 2867; baseline -0 -13"><span class='ocrx_word' id='word_1_209' title='bbox 448 2788 581 2854; x_wconf 90' lang='lat' dir='ltr'><strong>turi</strong></span> <span class='ocrx_word' id='word_1_210' title='bbox 636 2789 867 2853; x_wconf 89' lang='lat' dir='ltr'><strong>timore</strong></span> <span class='ocrx_word' id='word_1_211' title='bbox 929 2786 1126 2853; x_wconf 87' lang='lat' dir='ltr'><strong>duelli</strong></span> <span class='ocrx_word' id='word_1_212' title='bbox 1193 2810 1338 2853; x_wconf 91' lang='lat' dir='ltr'><strong>cum</strong></span> <span class='ocrx_word' id='word_1_213' title='bbox 1394 2788 1771 2853; x_wconf 89' lang='lat' dir='ltr'><strong>iuramentis</strong></span> <span class='ocrx_word' id='word_1_214' title='bbox 1837 2788 2193 2867; x_wconf 85' lang='lat' dir='ltr'><strong>affirmare,</strong></span> <span class='ocrx_word' id='word_1_215' title='bbox 2260 2796 2333 2853; x_wconf 92' lang='lat' dir='ltr'><strong>ut</strong></span> <span class='ocrx_word' id='word_1_216' title='bbox 2397 2788 2513 2854; x_wconf 94' lang='grc' dir='ltr'><strong>ΙΙΙ.</strong></span> <span class='ocrx_word' id='word_1_217' title='bbox 2560 2787 2706 2853; x_wconf 89' lang='lat' dir='ltr'><strong>Kal.</strong></span> 
     </span>
     <span class='ocr_line' id='line_1_32' title="bbox 447 2873 2707 2959; baseline -0.001 -21"><span class='ocrx_word' id='word_1_218' title='bbox 447 2874 597 2939; x_wconf 93' lang='lat' dir='ltr'><strong>Iulii</strong></span> <span class='ocrx_word' id='word_1_219' title='bbox 641 2873 728 2938; x_wconf 92' lang='lat' dir='ltr'><strong>ad</strong></span> <span class='ocrx_word' id='word_1_220' title='bbox 771 2874 1002 2953; x_wconf 87' lang='lat' dir='ltr'><strong>locum,</strong></span> <span class='ocrx_word' id='word_1_221' title='bbox 1049 2875 1161 2958; x_wconf 91' lang='lat' dir='ltr'><strong>qui</strong></span> <span class='ocrx_word' id='word_1_222' title='bbox 1197 2875 1372 2941; x_wconf 88' lang='lat' dir='ltr'><strong>Rara</strong></span> <span class='ocrx_word' id='word_1_223' title='bbox 1412 2881 1677 2940; x_wconf 83' lang='lat' dir='ltr'><strong>vocatur</strong></span> <span class='ocrx_word' id='word_1_224' title='bbox 1688 2873 1737 2953; x_wconf 88' lang='lat'><strong>⁷,</strong></span> <span class='ocrx_word' id='word_1_225' title='bbox 1783 2875 2027 2940; x_wconf 86' lang='lat' dir='ltr'><strong>veniret</strong></span> <span class='ocrx_word' id='word_1_226' title='bbox 2067 2894 2467 2959; x_wconf 91' lang='lat' dir='ltr'><strong>puerumque</strong></span> <span class='ocrx_word' id='word_1_227' title='bbox 2512 2874 2707 2939; x_wconf 89' lang='lat' dir='ltr'><strong>matri</strong></span> 
     </span>
     <span class='ocr_line' id='line_1_33' title="bbox 447 2959 2705 3043; baseline 0 -20"><span class='ocrx_word' id='word_1_228' title='bbox 447 2980 604 3024; x_wconf 86' lang='lat' dir='ltr'><strong>suae</strong></span> <span class='ocrx_word' id='word_1_229' title='bbox 648 2959 906 3043; x_wconf 90' lang='lat' dir='ltr'><strong>illisque</strong></span> <span class='ocrx_word' id='word_1_230' title='bbox 949 2959 1264 3024; x_wconf 84' lang='lat' dir='ltr'><strong>redderet.</strong></span> <span class='ocrx_word' id='word_1_231' title='bbox 1362 2959 1540 3024; x_wconf 89' lang='lat' dir='ltr'><strong>Tunc</strong></span> <span class='ocrx_word' id='word_1_232' title='bbox 1590 2960 2026 3043; x_wconf 87' lang='lat' dir='ltr'><strong>unusquisque</strong></span> <span class='ocrx_word' id='word_1_233' title='bbox 2070 2961 2379 3025; x_wconf 90' lang='lat' dir='ltr'><strong>remeavit</strong></span> <span class='ocrx_word' id='word_1_234' title='bbox 2430 2959 2514 3025; x_wconf 90' lang='lat' dir='ltr'><strong>ad</strong></span> <span class='ocrx_word' id='word_1_235' title='bbox 2569 2982 2705 3039; x_wconf 87' lang='lat' dir='ltr'><strong>sua,</strong></span> 
     </span>
     <span class='ocr_line' id='line_1_34' title="bbox 445 3043 1980 3128; baseline 0 -19"><span class='ocrx_word' id='word_1_236' title='bbox 445 3051 658 3111; x_wconf 90' lang='lat' dir='ltr'><strong>mente</strong></span> <span class='ocrx_word' id='word_1_237' title='bbox 703 3044 958 3109; x_wconf 87' lang='lat' dir='ltr'><strong>diversa</strong></span> <span class='ocrx_word' id='word_1_238' title='bbox 1001 3065 1115 3126; x_wconf 90' lang='lat' dir='ltr'><strong>pre</strong></span> <span class='ocrx_word' id='word_1_239' title='bbox 1159 3043 1397 3128; x_wconf 83' lang='lat' dir='ltr'><strong>gaudio</strong></span> <span class='ocrx_word' id='word_1_240' title='bbox 1441 3051 1637 3126; x_wconf 89' lang='lat' dir='ltr'><strong>atque</strong></span> <span class='ocrx_word' id='word_1_241' title='bbox 1682 3046 1980 3111; x_wconf 90' lang='lat' dir='ltr'><strong>tristicia.</strong></span> 
     </span>
    </p>
   </div>
   <div class='ocr_carea' id='block_1_12' title="bbox 449 3204 824 3256">
    <p class='ocr_par' dir='ltr' id='par_1_13' title="bbox 449 3204 824 3256">
     <span class='ocr_line' id='line_1_35' title="bbox 449 3204 824 3256; baseline 0.005 -11"><span class='ocrx_word' id='word_1_242' title='bbox 449 3204 494 3256; x_wconf 70' lang='lat' dir='ltr'><strong>a)</strong></span> <span class='ocrx_word' id='word_1_243' title='bbox 519 3206 744 3246; x_wconf 72' lang='lat' dir='ltr'><strong>noluissed</strong></span> <span class='ocrx_word' id='word_1_244' title='bbox 771 3208 824 3248; x_wconf 87' lang='grc' dir='ltr'><strong>Β.</strong></span> 
     </span>
    </p>
   </div>
   <div class='ocr_carea' id='block_1_13' title="bbox 440 3335 2710 4503">
    <p class='ocr_par' dir='ltr' id='par_1_14' title="bbox 440 3335 2710 4503">
     <span class='ocr_line' id='line_1_36' title="bbox 450 3335 2708 3405; baseline 0.002 -18"><span class='ocrx_word' id='word_1_245' title='bbox 450 3335 501 3399; x_wconf 94' lang='grc'><strong>1)</strong></span> <span class='ocrx_word' id='word_1_246' title='bbox 537 3336 824 3390; x_wconf 81' lang='lat' dir='ltr'><strong>Palatium</strong></span> <span class='ocrx_word' id='word_1_247' title='bbox 861 3336 1049 3391; x_wconf 81' lang='lat' dir='ltr'><strong>Werla</strong></span> <span class='ocrx_word' id='word_1_248' title='bbox 1082 3338 1222 3392; x_wconf 80' lang='lat' dir='ltr'><strong>inter</strong></span> <span class='ocrx_word' id='word_1_249' title='bbox 1245 3336 1447 3392; x_wconf 76' lang='lat' dir='ltr'><strong>G&#39;oslar</strong></span> <span class='ocrx_word' id='word_1_250' title='bbox 1481 3343 1532 3392; x_wconf 80' lang='lat' dir='ltr'><strong>et</strong></span> <span class='ocrx_word' id='word_1_251' title='bbox 1568 3336 1951 3403; x_wconf 69' lang='lat' dir='ltr'><strong>Wolfenbz‘tttel</strong></span> <span class='ocrx_word' id='word_1_252' title='bbox 1985 3338 2152 3392; x_wconf 75' lang='lat' dir='ltr'><strong>situm</strong></span> <span class='ocrx_word' id='word_1_253' title='bbox 2176 3338 2299 3405; x_wconf 80' lang='lat' dir='ltr'><strong>fuit</strong></span> <span class='ocrx_word' id='word_1_254' title='bbox 2328 3354 2503 3405; x_wconf 77' lang='lat' dir='ltr'><strong>prope</strong></span> <span class='ocrx_word' id='word_1_255' title='bbox 2526 3339 2708 3393; x_wconf 79' lang='lat' dir='ltr'><strong>vicum</strong></span> 
     </span>
     <span class='ocr_line' id='line_1_37' title="bbox 449 3403 2707 3477; baseline 0.002 -21"><span class='ocrx_word' id='word_1_256' title='bbox 449 3404 770 3472; x_wconf 66' lang='lat' dir='ltr'><strong>Buradorf3</strong></span> <span class='ocrx_word' id='word_1_257' title='bbox 833 3403 904 3471; x_wconf 83' lang='lat' dir='ltr'><strong>cf.</strong></span> <span class='ocrx_word' id='word_1_258' title='bbox 951 3404 1234 3475; x_wconf 73' lang='lat' dir='ltr'><strong>Oesterley,</strong></span> <span class='ocrx_word' id='word_1_259' title='bbox 1293 3404 1308 3430; x_wconf 90' lang='lat'>‘</span> <span class='ocrx_word' id='word_1_260' title='bbox 1322 3407 1534 3461; x_wconf 70' lang='lat' dir='ltr'><strong>Histor.</strong></span> <span class='ocrx_word' id='word_1_261' title='bbox 1547 3435 1567 3445; x_wconf 95' lang='lat'>-</span> <span class='ocrx_word' id='word_1_262' title='bbox 1576 3423 1757 3477; x_wconf 73' lang='lat' dir='ltr'><strong>yeoyr.</strong></span> <span class='ocrx_word' id='word_1_263' title='bbox 1821 3405 2177 3461; x_wconf 77' lang='lat' dir='ltr'><strong>Wo&#39;rterbuch</strong></span> <span class='ocrx_word' id='word_1_264' title='bbox 2220 3408 2273 3460; x_wconf 85' lang='lat' dir='ltr'><strong>cl.</strong></span> <span class='ocrx_word' id='word_1_265' title='bbox 2322 3407 2707 3461; x_wconf 76' lang='lat' dir='ltr'><strong>Mittelalters&#39;.</strong></span> 
     </span>
     <span class='ocr_line' id='line_1_38' title="bbox 447 3472 2707 3544; baseline 0 -17"><span class='ocrx_word' id='word_1_266' title='bbox 447 3472 501 3537; x_wconf 83' lang='lat'><strong>2)</strong></span> <span class='ocrx_word' id='word_1_267' title='bbox 538 3472 734 3526; x_wconf 73' lang='lat' dir='ltr'><strong>Seesen</strong></span> <span class='ocrx_word' id='word_1_268' title='bbox 769 3474 912 3528; x_wconf 79' lang='lat' dir='ltr'><strong>inter</strong></span> <span class='ocrx_word' id='word_1_269' title='bbox 945 3472 1262 3529; x_wconf 72' lang='lat' dir='ltr'><strong>Goslart&#39;am</strong></span> <span class='ocrx_word' id='word_1_270' title='bbox 1296 3481 1346 3529; x_wconf 83' lang='lat' dir='ltr'><strong>et</strong></span> <span class='ocrx_word' id='word_1_271' title='bbox 1373 3475 1767 3530; x_wconf 71' lang='lat' dir='ltr'><strong>Gaudersheim</strong></span> <span class='ocrx_word' id='word_1_272' title='bbox 1779 3493 1799 3539; x_wconf 89' lang='lat'><strong>‚·</strong></span> <span class='ocrx_word' id='word_1_273' title='bbox 1836 3475 2043 3529; x_wconf 80' lang='lat' dir='ltr'><strong>dictum</strong></span> <span class='ocrx_word' id='word_1_274' title='bbox 2070 3474 2318 3529; x_wconf 78' lang='lat' dir='ltr'><strong>Sehuson</strong></span> <span class='ocrx_word' id='word_1_275' title='bbox 2352 3476 2413 3529; x_wconf 78' lang='lat' dir='ltr'><strong>in</strong></span> <span class='ocrx_word' id='word_1_276' title='bbox 2438 3476 2707 3544; x_wconf 72' lang='lat' dir='ltr'><strong>Amberqo</strong></span> 
     </span>
     <span class='ocr_line' id='line_1_39' title="bbox 447 3541 2707 3611; baseline 0.002 -18"><span class='ocrx_word' id='word_1_277' title='bbox 447 3542 508 3594; x_wconf 76' lang='lat' dir='ltr'><strong>in</strong></span> <span class='ocrx_word' id='word_1_278' title='bbox 551 3541 659 3595; x_wconf 86' lang='lat' dir='ltr'><strong>Do</strong></span> <span class='ocrx_word' id='word_1_279' title='bbox 695 3541 780 3595; x_wconf 93' lang='grc' dir='ltr'><strong>ΙΙ.</strong></span> <span class='ocrx_word' id='word_1_280' title='bbox 815 3543 884 3595; x_wconf 85' lang='grc'><strong>36</strong></span> <span class='ocrx_word' id='word_1_281' title='bbox 926 3541 1059 3603; x_wconf 84' lang='grc'><em>(974</em></span> <span class='ocrx_word' id='word_1_282' title='bbox 1101 3544 1230 3597; x_wconf 78' lang='lat' dir='ltr'><strong>Iun.</strong></span> <span class='ocrx_word' id='word_1_283' title='bbox 1267 3544 1340 3606; x_wconf 89' lang='grc'><strong>7).</strong></span> <span class='ocrx_word' id='word_1_284' title='bbox 1411 3545 1480 3597; x_wconf 87' lang='lat' dir='ltr'><strong>L.</strong></span> <span class='ocrx_word' id='word_1_285' title='bbox 1562 3546 1638 3598; x_wconf 81' lang='lat' dir='ltr'><strong>At</strong></span> <span class='ocrx_word' id='word_1_286' title='bbox 1680 3543 1835 3611; x_wconf 80' lang='lat' dir='ltr'><strong>infra</strong></span> <span class='ocrx_word' id='word_1_287' title='bbox 1893 3544 2027 3610; x_wconf 87' lang='lat' dir='ltr'><strong><em>VII,</em></strong></span> <span class='ocrx_word' id='word_1_288' title='bbox 2075 3543 2140 3597; x_wconf 84' lang='lat'><strong>21</strong></span> <span class='ocrx_word' id='word_1_289' title='bbox 2190 3545 2406 3599; x_wconf 76' lang='lat' dir='ltr'><strong>nomine</strong></span> <span class='ocrx_word' id='word_1_290' title='bbox 2452 3542 2707 3598; x_wconf 76' lang='lat' dir='ltr'><strong>Schusun</strong></span> 
     </span>
     <span class='ocr_line' id='line_1_40' title="bbox 446 3609 2705 3680; baseline 0.002 -18"><span class='ocrx_word' id='word_1_291' title='bbox 446 3609 708 3676; x_wconf 75' lang='lat' dir='ltr'><strong>oppidum</strong></span> <span class='ocrx_word' id='word_1_292' title='bbox 743 3610 1057 3665; x_wconf 75' lang='lat' dir='ltr'><strong>Seehauecm</strong></span> <span class='ocrx_word' id='word_1_293' title='bbox 1085 3627 1258 3679; x_wconf 75' lang='lat' dir='ltr'><strong>prope</strong></span> <span class='ocrx_word' id='word_1_294' title='bbox 1295 3612 1677 3666; x_wconf 73' lang='lat' dir='ltr'><strong>Oschersleben</strong></span> <span class='ocrx_word' id='word_1_295' title='bbox 1712 3614 1878 3667; x_wconf 81' lang='lat' dir='ltr'><strong>situm</strong></span> <span class='ocrx_word' id='word_1_296' title='bbox 1913 3611 2277 3680; x_wconf 69' lang='lat' dir='ltr'><strong>siqnificamr.</strong></span> <span class='ocrx_word' id='word_1_297' title='bbox 2430 3612 2485 3676; x_wconf 89' lang='lat'><strong>3)</strong></span> <span class='ocrx_word' id='word_1_298' title='bbox 2531 3612 2705 3667; x_wconf 78' lang='lat' dir='ltr'><strong>Hein-</strong></span> 
     </span>
     <span class='ocr_line' id='line_1_41' title="bbox 446 3678 2707 3749; baseline 0.002 -18"><span class='ocrx_word' id='word_1_299' title='bbox 446 3678 622 3732; x_wconf 78' lang='lat' dir='ltr'><strong>ricum</strong></span> <span class='ocrx_word' id='word_1_300' title='bbox 659 3679 930 3732; x_wconf 77' lang='lat' dir='ltr'><strong>Minorem</strong></span> <span class='ocrx_word' id='word_1_301' title='bbox 948 3719 964 3745; x_wconf 92' lang='lat'>,</span> <span class='ocrx_word' id='word_1_302' title='bbox 998 3678 1181 3747; x_wconf 80' lang='lat' dir='ltr'><strong>filium</strong></span> <span class='ocrx_word' id='word_1_303' title='bbox 1216 3681 1502 3734; x_wconf 77' lang='lat' dir='ltr'><strong>Berhtoldi</strong></span> <span class='ocrx_word' id='word_1_304' title='bbox 1535 3681 1707 3735; x_wconf 65' lang='lat' dir='ltr'><strong>ducis</strong></span> <span class='ocrx_word' id='word_1_305' title='bbox 1729 3681 2013 3735; x_wconf 78' lang='lat' dir='ltr'><strong>Bavariae</strong></span> <span class='ocrx_word' id='word_1_306' title='bbox 2049 3680 2102 3746; x_wconf 84' lang='lat'><strong>(†</strong></span> <span class='ocrx_word' id='word_1_307' title='bbox 2136 3682 2285 3748; x_wconf 83' lang='lat'>947),</span> <span class='ocrx_word' id='word_1_308' title='bbox 2333 3682 2432 3749; x_wconf 78' lang='lat' dir='ltr'><strong>qui</strong></span> <span class='ocrx_word' id='word_1_309' title='bbox 2464 3681 2707 3747; x_wconf 75' lang='lat' dir='ltr'><strong>deposito</strong></span> 
     </span>
     <span class='ocr_line' id='line_1_42' title="bbox 447 3746 2705 3831; baseline 0.001 -31"><span class='ocrx_word' id='word_1_310' title='bbox 447 3746 713 3801; x_wconf 59' lang='lat' dir='ltr'><strong>Heium-ico</strong></span> <span class='ocrx_word' id='word_1_311' title='bbox 749 3748 888 3803; x_wconf 79' lang='lat' dir='ltr'><strong>duce</strong></span> <span class='ocrx_word' id='word_1_312' title='bbox 923 3764 974 3801; x_wconf 87' lang='lat' dir='ltr'><strong>a.</strong></span> <span class='ocrx_word' id='word_1_313' title='bbox 1004 3749 1106 3803; x_wconf 86' lang='lat'><strong>976</strong></span> <span class='ocrx_word' id='word_1_314' title='bbox 1141 3750 1255 3828; x_wconf 59' lang='lat' dir='ltr'><strong>dua?</strong></span> <span class='ocrx_word' id='word_1_315' title='bbox 1293 3748 1613 3829; x_wconf 51' lang='lat' dir='ltr'><strong>Garfflhiae</strong></span> <span class='ocrx_word' id='word_1_316' title='bbox 1646 3755 1778 3828; x_wconf 71' lang='lat' dir='ltr'><strong>tunc</strong></span> <span class='ocrx_word' id='word_1_317' title='bbox 1812 3766 1851 3803; x_wconf 86' lang='lat' dir='ltr'><strong>a</strong></span> <span class='ocrx_word' id='word_1_318' title='bbox 1881 3750 2165 3804; x_wconf 70' lang='lat' dir='ltr'><strong>Bavariae</strong></span> <span class='ocrx_word' id='word_1_319' title='bbox 2198 3752 2477 3805; x_wconf 72' lang='lat' dir='ltr'><strong>seiunctae</strong></span> <span class='ocrx_word' id='word_1_320' title='bbox 2512 3752 2705 3831; x_wconf 60' lang='lat' dir='ltr'><strong>conati-</strong></span> 
     </span>
     <span class='ocr_line' id='line_1_43' title="bbox 446 3816 2707 3966; baseline 0.001 -29"><span class='ocrx_word' id='word_1_321' title='bbox 446 3816 1561 3966; x_wconf 49' lang='lat' dir='ltr'><strong>{ffi’vssss‘z’t&#39;ssuiussss‘ffigss&#39;ffiffisssspssff</strong></span> <span class='ocrx_word' id='word_1_322' title='bbox 1566 3818 2707 3954; x_wconf 49' lang='lat' dir='ltr'><strong>ffissi’omfp&#39;sssst&#39;ssssi&#39;a‘m‘w0315-‘24&#39;21‘2522-‘252&#39;1250&#39;2&#39;220‘5</strong></span> 
     </span>
     <span class='ocr_line' id='line_1_44' title="bbox 449 3951 2705 4023; baseline 0.001 -16"><span class='ocrx_word' id='word_1_323' title='bbox 449 3968 576 4007; x_wconf 80' lang='lat' dir='ltr'><strong>acce</strong></span> <span class='ocrx_word' id='word_1_324' title='bbox 615 3960 747 4007; x_wconf 82' lang='lat' dir='ltr'><strong>erat.</strong></span> <span class='ocrx_word' id='word_1_325' title='bbox 911 3954 966 4018; x_wconf 88' lang='lat'><strong>4)</strong></span> <span class='ocrx_word' id='word_1_326' title='bbox 1014 3951 1120 4007; x_wconf 87' lang='lat' dir='ltr'><strong>Ala</strong></span> <span class='ocrx_word' id='word_1_327' title='bbox 1161 3954 1290 4023; x_wconf 55' lang='lat' dir='ltr'><strong>urbs</strong></span> <span class='ocrx_word' id='word_1_328' title='bbox 1339 3972 1398 4007; x_wconf 81' lang='lat' dir='ltr'><strong>m</strong></span> <span class='ocrx_word' id='word_1_329' title='bbox 1447 3955 1594 4008; x_wconf 67' lang='lat' dir='ltr'><strong>Ama.</strong></span> <span class='ocrx_word' id='word_1_330' title='bbox 1643 3954 1989 4023; x_wconf 66' lang='lat' dir='ltr'><strong>Scede-rhum.</strong></span> <span class='ocrx_word' id='word_1_331' title='bbox 2037 3955 2161 4017; x_wconf 78' lang='lat' dir='ltr'><em>(SS.</em></span> <span class='ocrx_word' id='word_1_332' title='bbox 2207 3956 2377 4018; x_wconf 86' lang='lat' dir='ltr'><em>XVI)</em></span> <span class='ocrx_word' id='word_1_333' title='bbox 2424 3954 2705 4019; x_wconf 88' lang='lat' dir='ltr'><strong>Alsburch‚</strong></span> 
     </span>
     <span class='ocr_line' id='line_1_45' title="bbox 449 4018 2707 4091; baseline 0.001 -17"><span class='ocrx_word' id='word_1_334' title='bbox 449 4018 573 4075; x_wconf 88' lang='lat' dir='ltr'><strong>Oles</strong></span> <span class='ocrx_word' id='word_1_335' title='bbox 612 4021 743 4075; x_wconf 89' lang='lat' dir='ltr'><strong>urch</strong></span> <span class='ocrx_word' id='word_1_336' title='bbox 771 4023 920 4078; x_wconf 81' lang='lat' dir='ltr'><strong>dicta</strong></span> <span class='ocrx_word' id='word_1_337' title='bbox 943 4023 1100 4077; x_wconf 77' lang='lat' dir='ltr'><strong>hodie</strong></span> <span class='ocrx_word' id='word_1_338' title='bbox 1127 4030 1206 4078; x_wconf 74' lang='lat' dir='ltr'><strong>est</strong></span> <span class='ocrx_word' id='word_1_339' title='bbox 1235 4024 1467 4089; x_wconf 73' lang='lat' dir='ltr'><strong>Olsburq</strong></span> <span class='ocrx_word' id='word_1_340' title='bbox 1493 4023 1650 4077; x_wconf 79' lang='lat' dir='ltr'><strong>vicus</strong></span> <span class='ocrx_word' id='word_1_341' title='bbox 1674 4023 1816 4077; x_wconf 75' lang='lat' dir='ltr'><strong>inter</strong></span> <span class='ocrx_word' id='word_1_342' title='bbox 1834 4023 2175 4079; x_wconf 61' lang='lat' dir='ltr'><strong>Hildesheim</strong></span> <span class='ocrx_word' id='word_1_343' title='bbox 2203 4030 2253 4077; x_wconf 78' lang='lat' dir='ltr'><strong>et</strong></span> <span class='ocrx_word' id='word_1_344' title='bbox 2271 4024 2707 4091; x_wconf 73' lang='lat' dir='ltr'><strong>Braunschweiy</strong></span> 
     </span>
     <span class='ocr_line' id='line_1_46' title="bbox 440 4090 2704 4158; baseline 0.002 -15"><span class='ocrx_word' id='word_1_345' title='bbox 440 4106 616 4157; x_wconf 77' lang='lat' dir='ltr'><strong>prope</strong></span> <span class='ocrx_word' id='word_1_346' title='bbox 651 4091 823 4145; x_wconf 78' lang='lat' dir='ltr'><strong>Peine</strong></span> <span class='ocrx_word' id='word_1_347' title='bbox 871 4092 947 4145; x_wconf 82' lang='lat' dir='ltr'><strong>ad</strong></span> <span class='ocrx_word' id='word_1_348' title='bbox 988 4090 1216 4157; x_wconf 77' lang='lat' dir='ltr'><strong>fluvium</strong></span> <span class='ocrx_word' id='word_1_349' title='bbox 1263 4093 1416 4147; x_wconf 72' lang='lat' dir='ltr'><strong>Fuso</strong></span> <span class='ocrx_word' id='word_1_350' title='bbox 1461 4092 1619 4145; x_wconf 72' lang='lat' dir='ltr'><strong>sime.</strong></span> <span class='ocrx_word' id='word_1_351' title='bbox 1704 4090 1857 4158; x_wconf 72' lang='lat' dir='ltr'><strong>Confi</strong></span> <span class='ocrx_word' id='word_1_352' title='bbox 1902 4092 2221 4157; x_wconf 68' lang='lat' dir='ltr'><strong>Wedekmd,</strong></span> <span class='ocrx_word' id='word_1_353' title='bbox 2268 4090 2485 4146; x_wconf 80' lang='lat' dir='ltr'><strong>‘Noten’</strong></span> <span class='ocrx_word' id='word_1_354' title='bbox 2525 4094 2577 4158; x_wconf 87' lang='lat'><strong>1,</strong></span> <span class='ocrx_word' id='word_1_355' title='bbox 2620 4094 2704 4154; x_wconf 88' lang='lat'><strong>40,</strong></span> 
     </span>
     <span class='ocr_line' id='line_1_47' title="bbox 450 4158 2705 4229; baseline 0 -17"><span class='ocrx_word' id='word_1_356' title='bbox 450 4158 656 4213; x_wconf 79' lang='lat' dir='ltr'><strong>Oesterl</strong></span> <span class='ocrx_word' id='word_1_357' title='bbox 753 4161 787 4213; x_wconf 86' lang='lat' dir='ltr'><strong>l.</strong></span> <span class='ocrx_word' id='word_1_358' title='bbox 817 4176 860 4213; x_wconf 81' lang='lat' dir='ltr'><strong>c.</strong></span> <span class='ocrx_word' id='word_1_359' title='bbox 1021 4160 1076 4224; x_wconf 83' lang='lat'><strong>5)</strong></span> <span class='ocrx_word' id='word_1_360' title='bbox 1131 4161 1406 4215; x_wconf 59' lang='lat' dir='ltr'><strong>Barstadt</strong></span> <span class='ocrx_word' id='word_1_361' title='bbox 1447 4161 1509 4214; x_wconf 79' lang='lat' dir='ltr'><strong>in</strong></span> <span class='ocrx_word' id='word_1_362' title='bbox 1554 4160 1805 4215; x_wconf 72' lang='lat' dir='ltr'><strong>districtu</strong></span> <span class='ocrx_word' id='word_1_363' title='bbox 1832 4160 2208 4229; x_wconf 70' lang='lat' dir='ltr'><strong>Heppmheim</strong></span> <span class='ocrx_word' id='word_1_364' title='bbox 2250 4176 2419 4227; x_wconf 78' lang='lat' dir='ltr'><strong>prope</strong></span> <span class='ocrx_word' id='word_1_365' title='bbox 2462 4161 2705 4216; x_wconf 82' lang='lat' dir='ltr'><strong>Worma-</strong></span> 
     </span>
     <span class='ocr_line' id='line_1_48' title="bbox 448 4227 2705 4296; baseline 0 -14"><span class='ocrx_word' id='word_1_366' title='bbox 448 4227 582 4282; x_wconf 79' lang='lat' dir='ltr'><strong>tiam</strong></span> <span class='ocrx_word' id='word_1_367' title='bbox 601 4247 618 4291; x_wconf 90' lang='lat'><em>;</em></span> <span class='ocrx_word' id='word_1_368' title='bbox 658 4229 684 4281; x_wconf 88' lang='grc'><strong><em>(</em></strong></span> <span class='ocrx_word' id='word_1_369' title='bbox 705 4230 926 4296; x_wconf 78' lang='lat' dir='ltr'><strong>esterley</strong></span> <span class='ocrx_word' id='word_1_370' title='bbox 961 4231 995 4283; x_wconf 82' lang='lat' dir='ltr'><strong>l.</strong></span> <span class='ocrx_word' id='word_1_371' title='bbox 1023 4244 1066 4282; x_wconf 84' lang='lat' dir='ltr'><strong>c.</strong></span> <span class='ocrx_word' id='word_1_372' title='bbox 1175 4229 1230 4295; x_wconf 89' lang='grc'><strong>6)</strong></span> <span class='ocrx_word' id='word_1_373' title='bbox 1269 4229 1536 4283; x_wconf 74' lang='lat' dir='ltr'><strong>Kourado</strong></span> <span class='ocrx_word' id='word_1_374' title='bbox 1566 4230 1633 4292; x_wconf 89' lang='grc'><strong>1.,</strong></span> <span class='ocrx_word' id='word_1_375' title='bbox 1678 4229 1885 4283; x_wconf 76' lang='lat' dir='ltr'><strong>Udom&#39;s</strong></span> <span class='ocrx_word' id='word_1_376' title='bbox 1912 4230 1959 4282; x_wconf 94' lang='grc' dir='ltr'><strong>Ι.</strong></span> <span class='ocrx_word' id='word_1_377' title='bbox 1985 4229 2107 4295; x_wconf 75' lang='lat' dir='ltr'><strong>filio</strong></span> <span class='ocrx_word' id='word_1_378' title='bbox 2141 4228 2252 4294; x_wconf 90' lang='lat' dir='ltr'><em>(II,</em></span> <span class='ocrx_word' id='word_1_379' title='bbox 2288 4230 2381 4291; x_wconf 87' lang='lat'><strong>34)</strong></span> <span class='ocrx_word' id='word_1_380' title='bbox 2416 4230 2554 4282; x_wconf 79' lang='lat' dir='ltr'><strong>duce</strong></span> <span class='ocrx_word' id='word_1_381' title='bbox 2581 4231 2705 4283; x_wconf 84' lang='lat' dir='ltr'><strong>Ale-</strong></span> 
     </span>
     <span class='ocr_line' id='line_1_49' title="bbox 731 4295 2710 4433; baseline 0.002 -15.5"><span class='ocrx_word' id='word_1_382' title='bbox 731 4297 809 4360; x_wconf 46' lang='lat' dir='ltr'><strong>(ss</strong></span> <span class='ocrx_word' id='word_1_383' title='bbox 825 4298 1432 4430; x_wconf 47' lang='lat' dir='ltr'><strong>meam)</strong></span> <span class='ocrx_word' id='word_1_384' title='bbox 1457 4295 2365 4433; x_wconf 49' lang='lat' dir='ltr'><strong>-afffflaff</strong></span> <span class='ocrx_word' id='word_1_385' title='bbox 2382 4298 2710 4421; x_wconf 54' lang='lat' dir='ltr'><strong>sm</strong></span> 
     </span>
     <span class='ocr_line' id='line_1_50' title="bbox 536 4383 2655 4428; baseline 0 -8"><span class='ocrx_word' id='word_1_386' title='bbox 536 4405 550 4428; x_wconf 90' lang='lat'>,</span> <span class='ocrx_word' id='word_1_387' title='bbox 677 4405 688 4419; x_wconf 91' lang='lat'><strong>.</strong></span> <span class='ocrx_word' id='word_1_388' title='bbox 1147 4395 1167 4405; x_wconf 91' lang='lat'><em>-</em></span> <span class='ocrx_word' id='word_1_389' title='bbox 1306 4384 1338 4420; x_wconf 82' lang='lat' dir='ltr'><strong>r</strong></span> <span class='ocrx_word' id='word_1_390' title='bbox 1401 4384 1476 4421; x_wconf 70' lang='lat' dir='ltr'><strong>zm</strong></span> <span class='ocrx_word' id='word_1_391' title='bbox 1528 4384 1589 4419; x_wconf 81' lang='lat' dir='ltr'><strong>m</strong></span> <span class='ocrx_word' id='word_1_392' title='bbox 1711 4383 1749 4420; x_wconf 88' lang='lat' dir='ltr'><strong>a</strong></span> <span class='ocrx_word' id='word_1_393' title='bbox 2250 4395 2268 4405; x_wconf 89' lang='lat'><em>-</em></span> <span class='ocrx_word' id='word_1_394' title='bbox 2346 4383 2379 4421; x_wconf 85' lang='lat' dir='ltr'><strong>a</strong></span> <span class='ocrx_word' id='word_1_395' title='bbox 2513 4383 2549 4420; x_wconf 85' lang='lat' dir='ltr'><strong>a</strong></span> <span class='ocrx_word' id='word_1_396' title='bbox 2590 4384 2655 4420; x_wconf 82' lang='lat' dir='ltr'><strong>en</strong></span> 
     </span>
     <span class='ocr_line' id='line_1_51' title="bbox 450 4434 996 4503; baseline -0.004 -14"><span class='ocrx_word' id='word_1_397' title='bbox 450 4434 858 4503; x_wconf 70' lang='lat' dir='ltr'><strong>Zwinqenberq.</strong></span> <span class='ocrx_word' id='word_1_398' title='bbox 929 4434 996 4487; x_wconf 89' lang='lat' dir='ltr'><strong>L.</strong></span> 
     </span>
    </p>
   </div>
   <div class='ocr_carea' id='block_1_14' title="bbox 3085 2778 3091 3865">
    <p class='ocr_par' dir='ltr' id='par_1_15' title="bbox 3085 2778 3091 3865">
     <span class='ocr_line' id='line_1_52' title="bbox 3085 2778 3091 3865; baseline 0 0"><span class='ocrx_word' id='word_1_399' title='bbox 3085 2778 3091 3865; x_wconf 95' lang='lat' dir='ltr'><strong> </strong></span> 
     </span>
    </p>
   </div>
  </div>
 </body>
</html>
