3100 5050
427 395 531 450 208
914 391 1321 448 THIETMARI
1354 391 1618 450 CHRON.
1688 393 1824 449 LIB.
1860 391 1996 448 VIII
2035 388 2201 460 (vn).

243 559 393 614 1015.
430 552 689 611 sanctus
734 545 1002 624 abierat,
1048 547 1309 630 optimis
1352 545 1644 612 redolere
1687 545 1998 614 odoribus
2038 547 2351 612 introiens
2393 547 2680 632 agnovit3

426 639 493 696 et
546 650 779 716 corpus
834 631 1121 698 eiusdem
1176 651 1381 714 usque
1438 633 1520 696 ad
1580 633 1776 698 Misni
1835 633 2270 716 prosequitur.
2375 631 2684 716 Sepelivit

425 717 587 782 illud
640 735 856 783 coram
910 717 1169 796 altari⁸,
1222 718 1465 783 auxilio
1519 720 1776 784 comitis
1821 717 2236 796 willehelmi,
2292 719 2405 801 qui
2456 717 2682 784 ordine

426 822 547 868 suo
603 804 871 870 eandem
929 810 1087 870 tunc
1143 803 1485 872 custodivit
1538 805 1884 870 civitatem.
1993 803 2119 870 Sed
2175 805 2330 888 quia
2384 805 2680 888 superius

426 890 712 974 promisi,
757 909 859 955 me
903 888 983 956 de
1026 891 1165 954 eius
1199 891 1335 954 vita
1366 891 1434 954 in
1472 891 1891 974 sequentibus
1926 890 2270 968 dicturum,
2315 889 2396 956 de
2429 892 2682 974 magnis

424 995 635 1059 pauca
687 977 933 1061 loquar.
1036 975 1202 1040 Erat
1251 977 1349 1039 vir
1396 975 1728 1060 predictus
1779 975 2012 1042 nobilis
2069 993 2326 1060 genere,
2387 973 2562 1040 dives
2614 977 2681 1040 in

426 1061 695 1144 prediis,
769 1062 883 1128 sed
951 1068 1331 1146 paupertate
1386 1063 1670 1145 ‘spiritus
1738 1062 1900 1126 haec
1959 1081 2076 1146 pro
2147 1057 2350 1126 nihilo
2419 1061 2679 1126 ducens,

428 1149 593 1213 Ante
633 1148 1139 1214 benedictionem
1174 1149 1240 1211 in
1279 1147 1719 1232 magadaburg
1753 1168 1900 1212 cum
1935 1149 2212 1212 caeteris
2245 1145 2682 1212 confratribus

425 1233 808 1317 regulariter
850 1255 929 1300 ac
970 1233 1244 1297 multum
1302 1233 1718 1302 laudabiliter
1745 1233 1974 1298 ⁴vivens
2027 1240 2096 1298 et
2143 1243 2292 1317 post
2333 1233 2401 1297 in
2446 1233 2681 1298 divinis

426 1318 724 1406 gregibus
784 1318 1113 1385 lucrandis
1172 1319 1375 1384 alcius
1456 1320 1792 1404 insurgens
1871 1339 1990 1404 pro
2065 1316 2497 1400 possibilitate·
2563 1338 2681 1384 sua

426 1405 847 1489 apostoli-cam
891 1405 1181 1470 imitatus
1225 1413 1327 1470 est
1357 1407 1573 1470 vitam.
1665 1405 1858 1470 Nulla
1901 1423 2207 1488 umquam
2243 1406 2450 1470 utitur
2485 1407 2678 1470 cami-

426 1495 529 1556 sia
567 1513 777 1576 neque
817 1491 1033 1570 braca,
1082 1491 1210 1556 nisi
1254 1500 1425 1571 tunc,
1480 1511 1625 1557 cnm
1671 1493 1931 1556 missam
1979 1492 2290 1570 cantavit3
2345 1511 2540 1576 quam
2584 1491 2682 1556 id·

428 1579 597 1642 circo
661 1578 875 1662 sepius
936 1576 1205 1654 dimisit,
1277 1578 1431 1660 quia
1492 1597 1562 1642 se
1621 1579 1705 1642 ad
1767 1577 1886 1642 hoc
1955 1575 2291 1659 indignum
2353 1577 2678 1642 iudica-vit.

426 1663 673 1738 Hiemis
734 1664 1148 1748 asperitatem
1211 1664 1493 1747 qualiter
1552 1665 1614 1728 is·
1678 1682 1984 1746 umquam
2043 1663 2420 1741 sustineret,
2495 1662 2684 1728 multi

426 1749 955 1816 ammirabantur.
1043 1748 1285 1815 Crebro
1328 1771 1371 1814 a
1414 1749 1549 1814 suis
1593 1767 1754 1833 pene
1797 1747 2176 1832 desperatus
2221 1749 2290 1813 in
2335 1747 2528 1814 stuba
2577 1750 2683 1813 vix

427 1836 865 1916 recreabatur3
923 1856 1153 1919 corpus
1194 1855 1383 1900 suum
1427 1836 1620 1900 nimis
1673 1834 1910 1900 afflixit
1955 1835 2241 1913 ieiuniis,
2295 1835 2440 1918 plus
2492 1835 2682 1900 nudis

426 1921 699 2005 pedibus
759 1943 952 2004 quam
996 1939 1222 2005 aequo
1244 1921 1265 1964 ¹
1326 1920 1651 1988 laborans,
1765 1920 1920 1986 Cum
1985 1919 2111 1985 sibi
2171 1927 2238 1984 et·
2295 1921 2488 1986 sociis
2552 1921 2680 1986 late

430 2006 815 2090 vagantibus
874 2008 1108 2072 victum
1170 2007 1481 2072 defecisse
1542 2007 1659 2072 vel·
1702 2006 1953 2092 aliquid⁴
2009 2005 2283 2070 arduum
2343 2024 2681 2072 occurrere

428 2093 695 2172 videret,
758 2094 897 2158 Deo
950 2093 1192 2176 gratias
1252 2093 1383 2176 egit
1448 2098 1515 2156 et
1567 2111 1788 2158 omnes
1849 2091 1978 2158 hoc·
2025 2085 2238 2157 dicere
2295 2091 2501 2160 iussit.
2608 2092 2680 2156 In

429 2179 813 2263 baptizando
884 2186 949 2244 et
1016 2178 1449 2260 predicatione
1510 2179 1820 2243 continua
1877 2185 1944 2264 et
1999 2177 2489 2260 ⁴confirmatione
2553 2199 2681 2242 non

426 2265 617 2330 modo
678 2287 837 2332 suae
897 2265 1077 2330 utilis
1137 2271 1279 2329 erat
1336 2263 1678 2340 aeclesiae,
1739 2264 1854 2329 sed
1911 2263 2062 2328 aliis
2117 2283 2315 2346 quam
2367 2260 2677 2347 pluribus

427 2353 559 2416 *De
603 2351 757 2431 hiis,
822 2350 1085 2432 quibus·
1114 2351 1251 2434 ipse
1295 2368 1439 2415 cum
1500 2351 1634 2414 suis
1687 2351 1896 2414 vivere
1941 2348 2220 2414 debebat
2253 2363 2262 2394 ²
2275 2348 2494 2428 rebus,
2554 2347 2678 2414 sibi
2709 2363 2730 2386 *
2753 2367 2844 2414 soz.
2869 2367 2965 2410 153.

428 2437 777 2502 subtractis
821 2458 983 2520 pene
1028 2436 1337 2501 ducentos
1382 2436 1700 2500 aeclesiae
1741 2437 1974 2520 suimet
1995 2435 2358 2517 -acquivisit
2401 2454 2675 2500 mansos.

428 2523 681 2589 Crisma
725 2530 789 2590 et
833 2523 1069 2588 clerum
1117 2542 1291 2603 raro,
1346 2523 1589 2607 templa
1639 2530 1852 2588 autem
1903 2521 2155 2587 Domini
2207 2519 2484 2587 libenter
2528 2541 2678 2586 con-

426 2611 719 2688 secravit,
763 2617 830 2674 et
867 2618 1027 2674 >‘tunc
1069 2611 1293 2675 crebro
1336 2611 1496 2691 [sine
1528 2609 1745 2674 missa.
1837 2608 2022 2673 Oculi
2057 2609 2198 2672 eius
2235 2608 2316 2671 ob
2351 2607 2678 2673 assiduam

424 2695 615 2761 fietus
658 2696 843 2760 nimii
886 2695 1260 2783 effusionem
1303 2694 1429 2759 iam
1478 2694 1884 2777 caligabant]
1981 2693 2184 2758 Nobis
2237 2701 2681 2776 contempora-

425 2781 595 2847 libus
638 2783 775 2847 suis
808 2782 905 2847 ob
946 2783 1188 2847 crimen
1231 2788 1521 2845 nostrum
1575 2779 1714 2845 eius
1773 2781 2179 2845 conversacio
2221 2778 2558 2861 displicuit
2617 2784 2682 2844 et

428 2874 486 2933 ei
530 2875 771 2933 nostra.
862 2867 1087 2933 XXIII
1132 2886 1337 2932 annos
1382 2873 1445 2931 et
1486 2868 1766 2948 amplius
1814 2864 2034 2929 labore
2079 2864 2393 2930 ineffabili
2425 2862 2681 2929 vivens²

425 2954 615 3019 finem
661 2976 849 3019 suum
892 2961 1041 3020 ante
1086 2953 1370 3035 predixit
1412 2959 1493 3031 et,
1538 2960 1615 3017 ut
1656 2972 2018 3035 numquam⁴
2050 2951 2136 3015 ad
2178 2951 2371 3015 Misni
2414 2970 2680 3050 ponere-

426 3049 551 3118 tur,
589 3038 867 3106 multum
898 3042 1163 3123 rogavit.
1228 3039 1305 3104 Id
1341 3059 1616 3121 namque
1651 3057 1901 3119 semper
1931 3036 2002 3101 'in
2034 3042 2246 3107 mente
2276 3034 2357 3123 ob
2384 3042 2678 3116 timorem

428 3126 1131 3205 futurae'desolationis
1158 3122 1566 3191 desideravit.
1594 3131 1668 3191 ut
1692 3122 1776 3189 ad
1802 3125 2014 3193 locum
2037 3120 2615 3189 Colidioibdictum
2630 3120 2678 3200 3,

429 3212 539 3279 ubi
594 3212 849 3280 Christi
888 3212 1162 3294 Magnus⁴
1205 3218 1459 3295 :martyr
1510 3208 1939 3293 corporaliter
1988 3208 2364 3292 requiescit,
2427 3215 2492 3273 et
2543 3209 2678 3291 ipse

427 3306 779 3365 mereretur
828 3298 1158 3363 tumulari.
1258 3296 1391 3361 Sed.
1440 3313 1652 3361 comes
1705 3296 2163 3374 Herimannus,
2221 3301 2487 3379 spectans
2538 3315 2678 3377 pre-

428 3384 611 3450 cibus
646 3384 939 3449 eiusdem.
966 3384 1178 3447 locum
1210 3382 1334 3447 sibi
1367 3404 1409 3446 a
1438 3384 1573 3447 Deo
1597 3388 1907 3466 paratum
1938 3381 2248 3460 adiuvari,
2284 3389 2358 3445 ut
2391 3380 2680 3465 prefatus

428 3491 590 3549 sum,
636 3471 876 3536 ibidem
920 3470 1073 3535 fecit
1113 3487 1262 3533 >eum
1306 3467 1557 3552 deponi.
1653 3482 1656 3487 '
1851 3470 1894 3495 ·’
2004 3486 2006 3492 ·

204 3574 314 3613 nec.
335 3573 399 3613 24.
600 3558 705 3625 26.
761 3555 920 3641 (19.)
1006 3554 1083 3620 In
1140 3552 1362 3639 vigilia
1412 3554 1654 3625 natalis
1697 3550 2002 3618 Domiui⁴
2045 3548 2470 3635 Meingaudus
2529 3551 2679 3615 Tre-

426 3642 675 3707 vericae
722 3642 1000 3707 civitatis
1044 3642 1566 3725 archiepiscopus
1619 3639 1778 3705 obiit
1821 3640 1888 3702 in
1924 3634 2081 3703 urbe
2127 3660 2245 3703 sua
2294 3636 2682 3723 cophelenci

428 3730 665 3811 dicta5,
716 3726 964 3817 [sedens
1008 3726 1162 3792 VIII
1206 3746 1409 3792 annos
1439 3733 1519 3790 et
1563 3725 1686 3789 VII
1731 3722 2088 3812 menses⁶];-
2129 3724 2404 3807 indeque
2438 3744 2680 3814 *corpus

429 3866 475 3919 a)
504 3868 640 3908 altare
670 3868 715 3921 Ο.
820 3868 867 3917 b)
886 3868 1073 3919 prmum
1097 3868 1135 3905 et
1160 3866 1325 3907 tertium
1349 3864 1366 3907 i
1393 3874 1516 3905 erasa
1541 3867 1580 3909 1.
1696 3864 1698 3867 ’

430 3958 484 4089 323
522 3953 1417 4091 9999999933.
1434 3949 1742 4075 9991393
1775 3964 1843 4031 ¹¹1³
1859 3913 2171 4073 9339993133
2203 3960 2678 4073 3333933939

566 4040 593 4077 e
692 4040 728 4078 a
783 4041 805 4076 ι
1540 4060 1556 4086 ,
1883 4056 1886 4058 9
2146 4074 2150 4078 ,
2667 4054 2679 4067 .

429 4094 484 4159 3)
524 4092 733 4147 Colditz
776 4091 1035 4161 oppidum
1080 4090 1223 4143 inter
1266 4088 1514 4144 Rochlitz
1558 4095 1610 4143 et
1643 4087 1892 4142 Grimma
1934 4088 2011 4141 ad
2045 4087 2300 4141 Muldam
2335 4086 2528 4151 sitwm3
2583 4083 2684 4137 ubi

430 4163 489 4218 S.
519 4162 723 4231 Μαρια·
772 4159 1054 4215 ecclesiam
1094 4172 1291 4227 usque-
1311 4156 1373 4210 >in
1415 4158 1515 4213 hoe
1559 4158 1840 4212 saeculwm
1881 4154 2054 4233 fuisse
2118 4156 2183 4209 V.
2207 4154 2287 4209 Ol.
2315 4152 2490 4208 Κέἑοπ·
2529 4150 2680 4207 illius

428 4232 535 4286 loci
564 4230 841 4298 parochus
876 4228 1099 4298 beniyne
1132 4226 1270 4293 mihi
1288 4226 1505 4281 rettulit.
1641 4225 1696 4291 4)
1735 4224 1949 4280 Necroi.
1979 4225 2208 4278 Merene.
2307 4270 2311 4276 .
2345 4220 2402 4289 5)
2437 4216 2679 4295 Gobknz.

430 4300 486 4364 6)
522 4300 675 4354 Certe
699 4299 935 4354 scribere
958 4296 1131 4351 voluit
1154 4294 1498 4349 Tkietmarus
1512 4314 1529 4347 .-
1567 4288 1676 4347 VH
1703 4310 1866 4348 annos
1897 4296 1959 4347 ‘et
1992 4288 2130 4345 Vm
2156 4298 2381 4358 menses,
2415 4290 2680 4359 siquffdem

432 4365 1028 4491 Messffaggwfffhfig‘?
1054 4378 1252 4487 οῗΙεηειεΙ
1214 4362 1489 4486 '27Apn’lis
1515 4380 1568 4417 a.
1597 4364 1734 4419 1008
1761 4362 2197 4429 archiepiscopus
2222 4360 2414 4416 ασκεω
2413 4364 2549 4415 utus
2570 4365 2678 4423 est,-

430 4453 481 4491 v·
605 4477 621 4503 5
729 4477 744 4503 5
917 4452 948 4488 r
985 4476 997 4489 0
1162 4470 1177 4500 7
1284 4468 1299 4485 ο
1536 4460 1539 4465 “
2500 4448 2504 4453 ’
