3100 5050
463 349 498 402 6
1091 344 1498 401 THIETMARI
1531 343 1793 401 CHRON.
1863 346 1999 402 LIB.
2035 345 2080 401 Ι.

157 503 434 599 ‘'arf-,25¹³
463 499 710 580 habuit,
769 505 836 566 et
889 505 1124 566 cuncta
1183 501 1242 566 ei
1299 498 1523 565 ordine
1575 498 1822 584 pandit.
1926 501 2051 582 Qui
2100 501 2359 567 rediens
2412 503 2710 568 nuntium

262 585 276 608 ⁹
379 585 394 598 ’
463 587 714 653 remisit
755 584 841 652 ad
885 587 1268 666 antistitem,
1324 586 1436 670 qui
1489 586 1744 652 occulta
1794 593 2157 671 patesceret
2176 587 2219 665 ¹,
2266 609 2463 671 seque
2506 589 2575 654 in
2610 590 2711 654 sui

464 673 919 740 detrimentum
954 671 1250 738 celeriter
1283 672 1621 755 invigilare
1656 674 2121 757 pronuntiaret.
2194 674 2514 757 Quicquid
2540 675 2710 741 enim

266 771 431 840 (913).
465 759 549 826 ad
594 759 959 844 episcopum
1004 759 1073 824 in
1109 759 1390 825 Saxonia
1432 757 1531 823 vel
1566 758 1917 844 'ljhuringia
1958 758 2286 845 pertinuit,
2331 766 2540 825 totum
2586 761 2711 826 sibi

463 845 752 931 precepit
794 844 1115 929 occupari,
1161 844 1402 912 amicos
1444 844 1614 926 regis
1657 845 1951 928 partibus
1996 866 2073 910 ex
2117 845 2219 910 his
2264 847 2562 913 omnino⁸
2603 847 2711 913 de-

467 931 770 1016 predatos
832 930 1174 1014 expellens.
1290 929 1571 1014 Moxque
1632 936 1838 996 morte
1906 932 2245 1015 repentina
2316 934 2492 998 archi
2540 935 2713 1000 resul

465 1018 754 1101 exspirat
783 1016 1100 1083 hominem
1118 1015 1166 1095 2,
1191 1021 1256 1082 et
1281 1016 1562 1095 fortuna,
1598 1037 1763 1099 quae
1796 1016 2143 1083 hactenusb
2164 1031 2413 1102 regem⁰
2434 1018 2496 1084 fe
2524 1020 2712 1085 iciter

465 1103 826 1188 asspiravit,
875 1102 1178 1169 Heinrico
1222 1122 1417 1186 quam
1459 1122 1731 1187 propere
1775 1104 1987 1168 cessit.
2079 1101 2207 1170 Sed
2252 1103 2410 1170 mihi
2453 1105 2539 1171 ad
2582 1106 2713 1171 alia

158 1194 339 1285 maur,
368 1193 434 1234 ²⁸·
461 1190 834 1275 properanti
892 1189 1149 1272 longum
1211 1195 1310 1254 est
1369 1207 1693 1268 enarrare,
1756 1189 2014 1272 quocies
2070 1192 2393 1272 congressi
2450 1191 2713 1258 mutuo‘¹

323 1274 332 1284 '
466 1275 765 1342 cederent
808 1275 907 1340 vel
951 1275 1298 1354 vincerent,
1357 1280 1422 1340 et
1466 1274 1635 1357 quod
1678 1281 2001 1359 postremo
2046 1275 2358 1342 bonorum
2401 1277 2713 1344 instinctu

466 1362 534 1428 in
577 1360 938 1427 amiciciam
983 1361 1409 1428 convenirent.

635 1452 696 1514 8.
726 1445 844 1534 (5.)
879 1447 1132 1513 Interea
1151 1445 1488 1514 Conradus
1513 1445 1710 1528 longa
1735 1444 2110 1512 infirmitate
2139 1445 2459 1529 detentae,
2478 1455 2543 1515 et
2561 1450 2713 1534 quia

160 1519 436 1622 ⁰⁸2⁴}”igffm
753 1533 900 1598 Post
943 1533 1328 1598 inimicicias
1370 1533 1539 1597 iram
1586 1533 1933 1598 meminisse
1975 1533 2286 1598 malorum
2326 1545 2431 1616 est,

167 1641 286 1683 ww.
307 1641 346 1693 1,
372 1643 437 1686 π.
466 1620 667 1686 totius
711 1620 1207 1696 contrarietatis,
1253 1639 1420 1702 quae
1463 1617 1589 1684 sibi
1634 1639 1713 1683 ex
1755 1624 1940 1702 parte
1980 1617 2268 1684 Heinrici
2310 1627 2711 1702 provenerat,

469 1707 723 1784 oblitus,
783 1705 972 1770 fratri
1024 1725 1142 1771 suo
1185 1703 1599 1770 Evurhardo⁶
1642 1704 2009 1789 populoque
2052 1706 2360 1790 primario
2403 1706 2469 1769 in
2514 1727 2712 1771 unum

468 1791 739 1859 collecto
785 1791 1126 1857 consilium
1169 1791 1292 1856 hoc
1337 1790 1531 1870 dedit,
1579 1790 1636 1855 si
1680 1790 1937 1875 quando
1982 1798 2253 1857 naturae
2288 1792 2605 1856 communi
2643 1813 2712 1856 se

469 1877 849 1944 concederet
863 1876 912 1957 3,
950 1883 1025 1942 ut
1061 1897 1207 1942 eum
1225 1878 1248 1918 ¹⁹
1269 1879 1449 1960 regni
1485 1875 1919 1959 gubernaculo
1960 1876 2463 1962 undiquessecus
2489 1884 2710 1961 aptum

469 1966 800 2049 eligerent,
855 1964 1262 2048 animamque
1318 1984 1502 2028 suam
1546 1962 1727 2028 *cum
1780 1963 2059 2046 residua‘
2096 1964 2709 2048 consanguineorum

469 2072 546 2118 ac
590 2051 1007 2115 familiarium
1066 2057 1320 2116 caterva
1363 2048 1587 2114 firmae
1636 2049 1870 2115 suimet
1921 2048 2071 2116 fidei
2130 2052 2601 2116 committerent
2651 2056 2715 2115 et

469 2137 555 2203 ad
598 2137 720 2201 hoc
763 2137 901 2201 sine
945 2136 1165 2220 aliqua
1210 2135 1521 2200 dilatione
1566 2138 2019 2202 consentirent.
2109 2136 2293 2202 Hanc
2335 2137 2714 2222 peticionem

468 2231 816 2289 extremam
871 2243 1016 2288 cum
1069 2242 1303 2306 magno
1347 2221 1524 2287 luctu
1578 2243 1657 2286 ac
1709 2224 1949 2304 gemitu
2008 2224 2429 2306 suscipientes
2494 2231 2562 2289 et
2605 2224 2718 2288 im-

513 2309 756 2375 leturos
814 2329 883 2374 se
940 2308 1075 2374 vita
1126 2308 1361 2373 comite
1417 2309 1881 2392 promittente8‚
1940 2307 2172 2372 festino
2230 2310 2369 2373 eius
2423 2309 2607 2374 obitu
2651 2310 2720 2374 in

230 2382 406 2494 (5223ss
533 2396 666 2461 ΙΙΙ0
731 2394 1165 2460 ordinacionis
1240 2415 1395 2460 suae
1465 2414 1636 2459 anno
1698 2392 1844 2493 [et]·
1884 2391 2096 2458 XIIII.
2162 2393 2239 2456 Κ.
2294 2393 2718 2459 Novembris4

211 2505 338 2551 (neo.
359 2505 442 2558 ss).
475 2480 611 2583 [pro
681 2481 868 2548 dolor
883 2483 918 2565 1]
973 2480 1290 2567 completo
1353 2501 1429 2546 ac
1486 2501 1773 2565 exequus
1825 2488 1902 2545 1n‘
1940 2476 2398 2546 .Viliniburch⁵
2439 2482 2718 2566 peractis

162 2591 282 2634 πω.
314 2592 351 2642 1,
376 2594 442 2635 ss.
472 2574 846 2647 mtererant,
893 2573 960 2634 et
995 2568 1297 2633 concione
1332 2569 1400 2633 in
1437 2567 1484 2631 F
1486 2567 1832 2633 ridisleriss·
1854 2566 1885 2613 5
1928 2565 2221 2631 celeriter
2255 2566 2486 2651 posita,
2522 2565 2717 2631 Hein-

467 2657 672 2721 ricum
734 2662 1198 2721 coronaverunt
1257 2660 1322 2720 et
1383 2653 1508 2719 sibi
1570 2652 1817 2719 credita
1890 2652 2010 2718 sub
2089 2652 2331 2717 Christi
2392 2660 2455 2719 et
2516 2653 2720 2718 tocius

470 2741 853 2827 *aecclesiae
898 2741 1261 2805 testimonio
1306 2739 1508 2819 fideli,
1570 2761 1695 2803 non
1742 2740 1878 2803 sine
1938 2738 2217 2804 lacrimis
2269 2740 2407 2821 regi
2452 2748 2602 2804 tunc
2653 2744 2719 2805 et

277 2842 438 2909 (919).
474 2827 730 2894 domino
801 2827 1428 2892 commendaverunt.
1547 2826 1673 2905 Qui
1732 2826 1957 2909 primo,
2030 2831 2102 2889 ut
2163 2825 2397 2905 decuit,
2469 2825 2720 2891 divinae

469 2915 732 2997 pietatis
766 2935 1015 2991 munus,
1050 2920 1320 2997 postque
1355 2912 1777 2978 universalem
1812 2918 2033 2977 tantae
2068 2912 2363 2977 caritatis
2398 2910 2721 2991 affectum,

471 3000 697 3066 humili
742 3000 1096 3083 suscipiens
1142 2999 1496 3076 devotione,
1545 2997 1681 3063 Deo
1726 2998 1971 3080 gratias
2016 3000 2161 3081 egit,
2211 3019 2406 3082 seque
2442 2997 2528 3063 ad
2562 2996 2722 3064 haec

471 3094 537 3153 et
563 3087 645 3152 ad
675 3086 908 3166 omnia,
938 3106 1103 3170 quae
1131 3085 1454 3151 communi
1483 3084 1751 3149 consilio
1782 3085 2188 3167 expetissent,
2214 3106 2282 3150 se
2308 3105 2723 3150 assensurum

469 3173 783 3259 promisit.
885 3172 1288 3255 Episcopalis
1341 3170 1711 3237 unctionem
1764 3169 2271 3251 benediccionis,
2324 3194 2366 3235 a
2412 3170 2721 3254 Herigero

472 3258 994 3343 archiepiscopo⁷
1053 3256 1424 3335 exhibitam,
1483 3262 1961 3323 antecessorum
2019 3278 2197 3323 more
2250 3258 2537 3339 priorum
2592 3277 2720 3322 non

473 3345 879 3422 desideravit,
917 3366 1035 3410 nec
1073 3346 1396 3429 suscipere
1423 3343 1642 3423 voluit,
1684 3343 1796 3409 sed
1824 3364 2086 3426 prorsus
2123 3342 2203 3406 ad
2242 3343 2363 3410 hoc
2389 3342 2719 3427 indignum

472 3453 541 3497 se
577 3430 925 3497 affirmavit
937 3429 985 3498 8.
1059 3435 1361 3497 Attamen
1397 3430 1465 3494 in
1494 3430 1619 3494 hoc
1646 3450 1791 3495 eum
1820 3428 2115 3511 equidem
2153 3449 2455 3513 peccasse
2482 3450 2719 3509 vereor,

473 3520 628 3604 quia
670 3518 739 3582 in
789 3516 947 3583 Vita
1001 3518 1207 3583 sancti
1264 3518 1468 3601 patris
1513 3513 1885 3595 Othelrici9,
1945 3534 2134 3595 quem
2193 3514 2363 3581 idem
2420 3537 2536 3582 rex
2577 3522 2723 3600 post

472 3657 516 3756 ι)
557 3656 675 3697 οἰιῑὶῦ
718 3656 790 3707 (--.
814 3657 1008 3696 omnium
1041 3654 1110 3705 A),
1149 3654 1264 3694 offiio
1303 3666 1410 3695 corr.
1454 3654 1509 3704 2¹3
1544 3662 1601 3692 ex
1634 3652 1703 3692 his
1740 3653 1943 3692 omnibus
1978 3653 2178 3700 partibus
2215 3656 2254 3693 2.
2387 3652 2433 3704 b)
2468 3653 2496 3691 h
2533 3653 2639 3693 add.
2675 3654 2722 3694 T.

473 3720 498 3749 c
538 3709 633 3757 regi
661 3709 711 3760 V3
753 3709 958 3759 exsplrat.
1003 3706 1141 3748 Omen
1171 3710 1216 3746 et
1241 3706 1430 3756 fortuna,
1456 3716 1498 3754 q.
1525 3705 1571 3746 h.
1599 3714 1750 3754 regem
1784 3704 1819 3743 f.
1846 3704 2165 3767 sspirauerunt,
2198 3706 2257 3746 H.
2286 3718 2330 3755 q.
2357 3718 2400 3755 p.
2429 3708 2659 3745 cesserunt
2683 3707 2722 3767 2.

471 3760 697 3865 Quarum?
721 3761 772 3812 A,
791 3760 1115 3863 εοῖννωέἓζειῖεῆε
1130 3760 1196 3851 197.
1304 3756 1346 3809 e)
1373 3756 1617 3798 euerhardo
1645 3768 1752 3796 corr.
1794 3756 1838 3795 V.
1956 3757 1991 3803 f)
2016 3757 2169 3799 delevit
2195 3762 2233 3799 et
2259 3758 2361 3797 add.
2391 3756 2650 3796 Heinricum
2678 3768 2725 3796 m

474 3917 527 3984 1)
563 3919 614 3971 Ι.
649 3933 692 3970 e.
723 3914 1075 3985 patefaceret.
1128 3915 1198 3969 L.
1337 3914 1392 3979 2)
1429 3914 1691 3968 Mortuus
1726 3919 1806 3967 est
1840 3913 1959 3968 913.
1997 3915 2127 3967 Mai
2160 3914 2254 3975 153
2304 3912 2489 3966 Waitz
2516 3927 2574 3979 p.
2607 3912 2723 3966 196.

471 3987 527 4052 3)
563 3988 613 4041 Ι.
650 4001 692 4039 e.
729 3990 1034 4039 moreretur.
1082 3984 1150 4037 L.
1302 3982 1357 4048 4)
1396 3984 1572 4037 Errat
1611 3983 1812 4037 Noster
1830 4002 1847 4035 :
1905 3982 2210 4037 Kowradus
2244 3997 2339 4035 rea:
2372 3982 2724 4035 Francorum

473 4060 719 4111 mortuus
755 4061 834 4110 est
874 4055 945 4107 X.
975 4053 1108 4106 Kal.
1135 4055 1296 4117 Iau.;
1362 4053 1456 4104 XI
1471 4052 1528 4105 V.
1560 4052 1691 4105 Kal.
1730 4050 1869 4105 Νου.
1917 4050 2059 4117 (993)
2106 4050 2238 4105 obiit
2272 4049 2579 4103 Kouradus
2624 4063 2725 4101 rex

473 4124 854 4193 Burgundiae.
935 4121 1220 4190 Utriusque
1246 4122 1388 4175 diem
1415 4120 1762 4175 emortualem
1795 4120 2141 4175 stietmarue
2164 4120 2223 4171 iu
2250 4118 2467 4172 Necrol.
2488 4117 2723 4171 Merseb.

474 4193 678 4248 invenit
689 4212 708 4258 ,2
763 4192 942 4248 Waitz
970 4205 1029 4257 p.
1057 4190 1176 4245 201.
1312 4189 1366 4254 5)
1405 4188 1682 4258 Weilbury
1718 4190 1794 4243 ad
1808 4189 2045 4256 fluvium
2073 4187 2249 4241 Lahu.
2389 4188 2442 4252 6)
2479 4185 2727 4263 Fritzlar

477 4262 554 4317 ad
577 4260 804 4325 fluvium
830 4260 1003 4317 Eder.
1143 4259 1196 4324 7)
1234 4259 1560 4327 Maqontino
1585 4258 1875 4315 913-927.
2014 4256 2067 4321 8)
2104 4256 2193 4309 De
2217 4256 2326 4311 hac
2352 4272 2411 4311 re
2437 4254 2508 4319 cf.
2540 4254 2726 4308 Waotz

472 4347 529 4398 p.
556 4329 777 4385 39—40.
805 4334 856 4383 et
883 4328 1176 4383 217-221.
1326 4327 1381 4393 9)
1416 4328 1689 4396 Episcopi
1724 4325 2046 4394 Augustam·
2073 4324 2364 4387 923-973,
2413 4325 2479 4378 de
2652 4321 2727 4385 cf.

489 4399 669 4454 Waitz
686 4414 746 4466 p.
761 4398 830 4453 75
846 4403 898 4453 et
913 4394 1069 4463 iufra
1085 4398 1209 4461 ΙΙΙ,
1228 4398 1278 4452 8.
1381 4397 1438 4451 V.
1453 4397 1632 4453 Vitam
1652 4397 1773 4451 eius
1792 4399 2009 4450 auctore
2026 4393 2311 4448 Gerhardo
2332 4393 2457 4457 (SS.
2476 4338 2655 4456 Ιῖὖοο.

2739 1982 2761 2006 *
2778 1984 2861 2032 soz.
2881 1985 2923 2022 4.

2744 2760 2766 2785 '⁸‘
2794 2776 2840 2813 p.
2859 2763 2952 2804 7³7.
