3100 5050
417 471 546 525 XIV
1112 469 1520 524 THIETMARI
1556 469 1995 527 CHRONICON.

424 624 592 690 1574
609 621 819 688 Viteb.
878 624 1064 686 Anno
1099 624 1280 690 1579.
1309 647 1442 687 eum
1483 623 1789 688 Dresdam
1826 625 2205 690 translatum
2240 649 2365 690 esse
2397 625 2679 712 Lappen·

415 726 562 812 hev-9
614 726 800 807 dicit,
860 726 1064 790 nescio
1115 749 1236 811 quo
1289 737 1652 812 arqumento
1704 750 1866 792 usus.
1966 728 2151 792 Nunc
2203 730 2273 791 in
2316 729 2681 794 bibliotheca

419 829 599 914 reqia
660 828 910 913 publica
973 828 1381 893 Dresdensi
1441 840 1749 908 servatur,
1812 831 1883 894 in
1944 853 2129 915 quam
2192 854 2253 894 a.
2304 833 2482 898 1832.
2548 854 2684 896 eum

419 931 750 996 transiisse
794 933 923 1016 ipsi
965 932 1169 996 codici
1210 932 1584 1016 inscriptum
1627 942 1730 999 est.
1814 933 2022 997 Codeae
2064 944 2152 998 est
2186 934 2687 997 membranaceus

419 1034 491 1096 in
545 1034 604 1097 4.
665 1033 813 1096 olim
866 1057 944 1098 esc
999 1035 1080 1099 26
1119 1033 1433 1118 foliorum
1472 1034 1815 1119 fasciculis
1864 1036 2251 1120 compositus.
2354 1035 2421 1098 Ε
2470 1036 2687 1120 quibus

406 1136 719 1221 fasciculi
773 1136 959 1217 1—4,
1004 1138 1198 1216 6—7,
1243 1140 1477 1217 9—15,
1527 1137 1800 1218 19—22,
1852 1138 2106 1202 24—26
2150 1139 2603 1224 quaterniones,
2646 1139 2689 1203 5

419 1249 476 1304 et
523 1240 607 1304 23
651 1239 945 1319 biniones‚
998 1239 1248 1305 16—18
1293 1239 1619 1323 quiniones
1648 1239 1938 1323 suerunt,
1980 1239 2341 1324 fasciculus
2384 1245 2423 1308 8
2476 1263 2685 1304 novem

408 1341 722 1425 foliorum
764 1353 868 1408 est.
959 1341 1244 1406 Fuerunt
1285 1343 1483 1428 iqitur
1525 1342 1757 1428 viqinti
1785 1341 2097 1427 fasciculi
2139 1354 2513 1424 octonorum,
2564 1345 2689 1407 duo

421 1454 887 1529 quaternorum,
939 1454 1062 1507 tres
1105 1444 1435 1525 denorum,
1487 1467 1645 1509 unus
1696 1467 1903 1510 novem
1933 1444 2281 1528 foliorum,
2334 1447 2404 1510 in
2449 1469 2689 1510 summa

421 1549 547 1612 207
578 1546 776 1631 folia.
885 1544 1255 1619 Quindecim
1307 1557 1514 1612 tamen
1557 1571 1634 1613 ex
1689 1549 1786 1613 his
1824 1550 2177 1634 perierunt,
2221 1551 2455 1614 scilicet
2485 1550 2688 1633 fasci-

419 1649 548 1713 culi
599 1653 650 1713 1.
695 1648 876 1733 folia
923 1649 1147 1734 prima
1201 1649 1354 1730 duo,
1411 1673 1673 1735 quorum
1731 1651 1994 1716 alterum
2050 1654 2215 1716 nihil
2268 1653 2399 1717 uisi
2442 1653 2689 1716 titulum

422 1751 574 1816 libri
615 1752 862 1815 videtur
905 1752 1308 1832 continuisse,
1348 1749 1661 1837 fasciculi
1704 1757 1761 1820 8.
1812 1765 2099 1839 quattuor
2129 1755 2310 1840 folia
2363 1756 2690 1834 interiora,

405 1855 765 1940 fasciculus
813 1856 910 1920 13.
957 1864 1146 1936 totus,
1186 1855 1501 1940 fasciculi
1549 1859 1648 1924 17.
1679 1856 1920 1941 folium
1961 1858 2255 1943 primum.
2348 1857 2481 1937 Ea,
2536 1881 2690 1941 quae

417 1967 675 2038 restant,
739 1959 861 2024 192
890 1957 1075 2043 folia
1119 1959 1204 2038 is,
1258 1959 1367 2043 qui
1410 1960 1480 2022 in
1523 1960 1752 2024 ultima
1794 1963 2001 2046 operis
2041 1962 2288 2048 paqina
2329 1961 2694 2046 subscripsit

425 2061 527 2128 18.
576 2059 875 2125 Decemb.
933 2061 1098 2128 1574
1153 2059 1388 2142 Viteb„
1446 2064 1542 2126 ita
1598 2065 1978 2144 numeravit,
2037 2075 2103 2127 ut
2154 2065 2370 2149 prima
2426 2065 2694 2149 triqinta

407 2161 590 2248 folia
632 2165 907 2228 numeris
955 2164 1184 2243 1—-30,
1229 2174 1520 2249 quattuor
1564 2187 1721 2249 quae
1774 2176 2109 2251 sequuntur
2152 2166 2501 2247 310—31‘2,
2544 2187 2689 2251 pro-

422 2268 602 2330 xima
637 2267 897 2331 sedecim
933 2267 1210 2346 32—47,
1246 2268 1448 2332 decem
1485 2270 1801 2352 sequentia
1836 2269 2114 2349 51-60,
2159 2291 2234 2334 ea
2269 2292 2425 2355 quae
2455 2278 2692 2333 restant

423 2372 602 2434 62-
626 2371 748 2437 193
803 2371 1102 2455 siqnaret.
1208 2369 1398 2434 Folia
1464 2369 1667 2454 iqitur
1728 2371 2089 2438 315—3101
2141 2373 2352 2458 primo
2409 2373 2693 2438 48—-50

423 2482 754 2538 numerata
798 2473 1083 2537 videntur
1126 2494 1279 2554 esse,
1333 2482 1662 2559 praeterea
1711 2496 1826 2559 per
1868 2496 2141 2541 errorem
2188 2484 2328 2561 post
2372 2497 2693 2541 numerum

425 2580 511 2643 60
552 2576 704 2640 ilico
747 2577 831 2640 62
882 2577 1121 2659 positus
1173 2585 1276 2643 est.
1366 2576 1444 2640 In
1487 2577 1758 2663 sinqulis
1802 2579 2065 2664 payinis
2116 2580 2366 2642 vicenae
2408 2578 2693 2663 sinqulae

423 2689 563 2743 sunt
608 2678 840 2758 lineae,
893 2687 1184 2763 quattuor
1241 2688 1444 2743 tamen
1485 2680 1762 2765 payinae
1808 2680 1952 2766 (fol.
1999 2682 2121 2762 12⁴,
2173 2681 2271 2761 13,
2322 2680 2464 2761 184,
2515 2678 2691 2763 193⁴)

425 2793 482 2847 et
526 2782 734 2845 maior
773 2804 932 2866 pars
959 2779 1089 2865 fol.
1130 2781 1236 2846 80‘
1276 2804 1508 2847 vacuae
1554 2794 1931 2848 manserunt.
2456 2795 2463 2803 '

599 2882 857 2948 Scribae
903 2886 970 2948 in
1015 2906 1195 2969 opere
1237 2885 1613 2970 perficiendo
1649 2885 2085 2949 laboraverunt
2126 2908 2359 2965 novem,
2401 2907 2432 2949 e
2476 2884 2695 2969 quibus

417 2998 673 3074 praeter
715 2988 923 3074 ipsum
974 2988 1401 3052 Thietmarum
1447 2984 1591 3074 (T),
1648 2988 1821 3051 cuius
1864 3011 2086 3052 manus
2141 2989 2274 3051 iam
2316 3011 2394 3052 ex
2437 2987 2695 3051 Missali

425 3090 919 3177 Mes-seburqensi
935 3090 958 3134 ¹
986 3092 1143 3155 satis
1169 3101 1316 3155 nota
1341 3101 1449 3171 est,
1483 3092 1748 3177 quinque
1776 3089 1925 3176 (pro
1950 3090 2379 3175 maqnitudine
2407 3090 2693 3175 partium

427 3218 469 3257 a
511 3195 780 3281 sinqulis
823 3196 1201 3279 scriptarum
1246 3194 1327 3273 A,
1369 3195 1446 3274 B,
1502 3193 1568 3274 C,
1615 3194 1703 3274 D,
1746 3192 1813 3256 E
1850 3216 1893 3257 a
1936 3216 2029 3258 me
2071 3191 2338 3278 siqnati)
2382 3192 2597 3277 plures
2640 3202 2695 3256 et

426 3299 717 3377 maiores,
773 3308 896 3361 tres
941 3296 1055 3381 (F,
1106 3296 1187 3378 G,
1235 3296 1328 3382 H)
1387 3297 1670 3383 singulas
1725 3319 1965 3382 parvas
1999 3305 2217 3381 partes
2259 3305 2693 3361 exaraverunt.

433 3400 598 3475 Quos
643 3412 752 3465 aut
794 3424 871 3465 eae
914 3401 1151 3463 dictatu
1195 3410 1308 3463 aut
1359 3423 1388 3464 e
1433 3401 1672 3464 schedis
1715 3397 2127 3483 autoqraphis
2178 3400 2453 3464 auctoris
2496 3400 2692 3483 scrip-

427 3505 578 3568 sisse
634 3526 864 3568 necesse
921 3513 1026 3568 est.
1129 3502 1329 3587 Atque
1385 3503 1651 3567 dictasse
1707 3502 1904 3565 multa
1973 3501 2393 3566 Tkietmarum
2458 3502 2693 3587 aliquot

425 3606 775 3671 scribarum
818 3606 1059 3671 mendis
1103 3606 1557 3691 comprobatur,
1601 3626 1856 3690 quorum
1898 3627 2106 3690 pauca
2151 3605 2404 3690 colleqi,
2456 3615 2522 3669 ut
2565 3610 2695 3686 qua

427 3708 680 3773 horitur
723 3710 816 3787 II,
860 3710 945 3774 35
994 3731 1113 3792 pro
1167 3726 1298 3789 quo
1343 3707 1637 3787 moritur,
1692 3705 1863 3771 hunc
1919 3708 1975 3771 si
2036 3708 2177 3790 VII,
2227 3713 2298 3776 11
2351 3732 2475 3795 pro
2518 3707 2692 3787 unxi,

428 3811 610 3876 abire
655 3811 790 3891 VII,
838 3812 924 3877 34
973 3832 1092 3896 pro
1147 3809 1419 3889 habere,
1479 3814 1719 3893 augeat
1757 3808 1938 3889 VIII,
1982 3811 2066 3876 46
2115 3833 2236 3897 pro
2281 3811 2517 3894 Augia‚
2581 3809 2695 3875 ubi

427 3916 495 3979 in
539 3914 898 3979 maiestatis
941 3918 1196 3996 partem
1237 3912 1418 3992 VIII,
1453 3912 1539 3977 49
1574 3934 1701 3998 pro
1745 3911 1858 3976 ubi
1894 3934 2196 3997 magnam
2234 3914 2505 3978 aestatis
2546 3933 2695 3996 par-

429 4023 578 4098 tem,
625 4022 690 4082 et
723 4018 894 4082 necti
935 4016 1117 4096 VIII,
1144 4016 1230 4081 55
1264 4038 1391 4100 pro
1427 4013 1705 4097 adnecti,
1750 4020 1934 4099 gffim
1970 4014 2082 4103 (=
2120 4015 2428 4100 gratiam)
2466 4014 2583 4094 IX,
2612 4016 2695 4079 33

424 4144 545 4205 pro
601 4118 961 4185 Graeciam.
1070 4119 1303 4182 Tamen
1362 4118 1532 4181 haud
1593 4120 1719 4183 scio
1781 4142 1867 4182 an
1926 4120 2114 4183 etiam
2174 4116 2476 4181 nonnulla
2535 4140 2695 4179 men-

428 4224 651 4287 dorum
719 4246 797 4287 ex
865 4212 1121 4306 scriptis
1188 4220 1390 4283 verbis
1449 4220 1613 4285 male
1675 4223 1846 4286 lectis
1907 4231 2179 4285 ortorum
2249 4220 2531 4304 eaeempla
2599 4219 2695 4281 in-

430 4414 484 4480 1)
519 4414 756 4479 Eodem,
804 4413 902 4481 qui
945 4410 1227 4480 Necroloq.
1269 4411 1412 4465 illud
1453 4412 1690 4467 Merseb.
1732 4410 1989 4475 continet,
2035 4410 2150 4464 cod.
2188 4408 2424 4475 capituli
2458 4408 2692 4461 Merseb.

427 4516 513 4554 nr.
543 4501 660 4565 129,
685 4496 790 4565 sol.
818 4498 903 4551 38.
