3100 5050
432 465 482 520 x
605 453 612 462 '
1125 464 1534 520 THIETMARI
1573 461 2010 518 cflssomcoN.

601 619 701 683 De
763 640 942 704 opere
1011 620 1365 682 Thietmari
1424 595 1565 683 iyide
1624 619 2238 683 dissertatiunculam
2298 641 2496 682 meam
2551 618 2698 682 ‘Ab-

420 722 849 807 fassunqszeit
879 744 938 784 u.
978 721 1567 804 Entstehunysweise
1602 721 1663 786 d.
1708 719 1983 785 Chronik
2026 721 2399 786 Thietmars'
2438 720 2478 804 (
2477 722 2697 786 ‘Neues

433 824 688 888 Archiv'
747 823 937 902 XIV,
997 848 1061 909 p.
1097 826 1277 890 59-
1296 823 1430 907 86)
1521 824 1655 887 Hoc
1712 825 1843 888 loco
1899 847 1973 888 ea
2028 823 2378 888 brevissime
2429 834 2695 908 repetere

431 928 589 991 satis
646 927 862 1006 habeO,
919 949 1078 1010 quae
1133 926 1226 990 ibi
1274 925 1569 1011 probasse
1618 927 1777 989 mihi
1819 927 2050 990 videor.
2142 928 2221 993 A.
2258 927 2439 993 1012.
2498 924 2700 989 Thiet-

431 1051 647 1092 marus
691 1029 1019 1092 historiam
1063 1028 1204 1092 aevi
1245 1029 1348 1091 sui
1381 1028 1759 1092 conscribere
1794 1030 1990 1113 coepit
2024 1039 2206 1113 atque
2245 1031 2520 1113 primum
2566 1029 2697 1114 qui-

430 1133 569 1196 dem
629 1133 836 1196 eodem
896 1153 1062 1195 anno
1120 1130 1270 1211 VII,
1331 1153 1380 1194 c.
1439 1133 1571 1196 1—
1593 1133 1673 1220 15
1735 1130 1938 1216 (apud
1992 1130 2531 1217 Lappenberyium
2592 1132 2697 1211 VI,

433 1235 722 1319 41-46)
781 1245 837 1300 et
883 1234 1166 1319 fortasse
1213 1233 1277 1311 I,
1339 1235 1546 1298 1—18
1592 1235 1866 1318 scripsit.
1980 1234 2059 1297 A.
2105 1235 2287 1302 1013.
2319 1234 2465 1319 fere
2510 1234 2700 1298 libros

430 1338 514 1400 II
546 1348 603 1401 et
660 1337 794 1416 III,
851 1359 912 1403 a.
960 1336 1142 1404 1014.
1190 1336 1318 1416 IV,
1382 1337 1571 1402 1—9
1632 1335 1926 1419 (1—8),
1995 1338 2271 1404 15—17
2333 1336 2698 1421 (lo—11),

434 1441 690 1506 23—25
748 1438 916 1524 (16),
973 1440 1257 1505 31—37
1315 1437 1685 1523 (22—24),
1743 1439 2027 1504 39--54
2082 1438 2449 1522 (26—34),
2508 1449 2695 1503 totum

433 1544 664 1607 librum
709 1543 773 1622 V,
812 1552 1141 1627 praeterea
1182 1542 1363 1619 VIII,
1414 1543 1581 1606 1-2
1610 1539 1799 1624 (VII,
1850 1541 2045 1625 1—3)
2090 1553 2147 1605 et
2181 1543 2221 1606 3
2251 1540 2375 1626 (4),
2422 1564 2481 1609 a.
2514 1531 2696 1610 10‘15.

433 1656 623 1710 totum
679 1644 904 1708 librum
966 1644 1063 1706 VI
1110 1655 1166 1707 et
1222 1643 1404 1724 VIII,
1447 1644 1691 1709 4--20
1734 1643 1906 1728 (VII
1946 1646 2082 1710 5-
2106 1643 2216 1728 13)
2262 1645 2507 1708 videtur
2564 1667 2703 1730 per-

418 1749 669 1834 fecisse.
760 1747 840 1812 A.
890 1748 1073 1815 1016.
1133 1771 1271 1810 cum
1327 1770 1520 1812 novus
1563 1747 1722 1832 fons
1775 1747 2055 1812 Annales
2105 1744 2700 1833 Quedlinburqenses

431 1853 490 1914 ei
535 1851 963 1935 aperirentur,
1015 1860 1208 1913 totum
1262 1873 1417 1934 opus
1469 1861 1813 1915 retractare
1856 1861 1913 1915 et
1950 1851 2265 1936 plu-rima,
2318 1875 2473 1938 quae
2516 1863 2699 1916 antea

429 1955 500 2018 in
539 1963 856 2039 posterum
899 1962 1132 2036 tempus
1175 1953 1538 2032 distulerat,
1596 1953 1828 2017 addere
1882 1955 2096 2038 coepit.
2189 1955 2460 2040 Scripsit
2502 1956 2700 2040 i9itur

431 2080 490 2120 a.
537 2058 730 2135 1016,
788 2077 941 2141 quae
999 2057 1068 2119 in
1127 2056 1289 2120 libro
1345 2055 1435 2122 II.
1493 2066 1549 2120 et
1604 2056 1729 2121 III.
1786 2057 2172 2140 postmodum
2230 2057 2477 2121 adiecta
2535 2067 2697 2136 sunt,

425 2169 754 2245 praeterea
819 2158 959 2236 VII,
1018 2159 1261 2223 16—41
1318 2157 1472 2241 (VI,
1517 2157 1807 2242 46—61)
1860 2169 1916 2222 et
1975 2159 2153 2239 VIII,
2208 2161 2463 2226 20-35
2508 2158 2699 2242 (VII,

387 2305 395 2311 -
436 2260 740 2349 13—25),
783 2285 843 2326 a.
879 2262 1060 2327 1017.
1111 2260 1232 2340 IV,
1283 2261 1556 2340 10-15,
1616 2260 1888 2341 18--22,
1934 2263 2219 2343 26--30,
2278 2263 2361 2327 38
2405 2273 2459 2326 et
2520 2261 2699 2342 VIII,

429 2365 685 2431 36—69
732 2362 920 2447 (VII,
968 2362 1278 2448 25—50),
1327 2375 1655 2449 praeterea
1709 2366 1765 2444 I,
1813 2365 2067 2429 26—28
2114 2365 2437 2449 (15—17)
2481 2375 2538 2430 et
2581 2365 2700 2444 IV,

429 2467 685 2535 55-69
732 2466 1074 2552 (35—46),
1118 2489 1178 2533 a.
1221 2468 1404 2534 1018.
1461 2467 1721 2552 denique
1766 2469 1998 2547 omnia,
2052 2490 2207 2552 quae
2251 2469 2498 2553 reliqua
2541 2479 2701 2549 sunt,

430 2571 475 2633 i.
513 2593 567 2635 e.
621 2570 799 2649 VIII,
845 2571 1100 2636 70-76
1140 2570 1328 2655 (VII,
1373 2571 1663 2653 51—54)
1708 2581 1765 2635 et
1808 2580 1997 2634 totum
2041 2571 2274 2635 librum
2308 2572 2414 2634 IX
2444 2571 2700 2657 (VIII),

428 2683 753 2758 praeterea
798 2675 840 2736 Ι
856 2674 918 2753 V,
964 2673 1220 2740 70-75
1268 2674 1607 2758 (47—51).

604 2809 828 2873 Fontes
906 2809 1255 2873 Thietmari
1323 2809 1739 2874 iamduduml
1814 2812 2050 2896 coqniti
2117 2821 2261 2875 sunt
2331 2811 2703 2876 Widukindi

438 2912 678 2975 Rerum
753 2911 1219 2976 Samonicarum
1291 2911 1442 2975 libri
1504 2912 1687 2992 1112,
1758 2912 2039 2977 Annales
2106 2912 2704 2999 Quedlinburqenses

431 3013 584 3099 (SS.
612 3014 788 3099 III),
844 3016 1154 3099 Ruotyeri
1213 3016 1357 3079 Vita
1400 3015 1723 3079 Brunonis
1778 3012 1927 3099 (SS.
1966 3015 2129 3100 IV),
2180 3014 2502 3080 Ger-hardi
2564 3016 2704 3079 Vita

445 3117 739 3182 Udalrici
809 3116 958 3202 (SS.
1005 3116 1168 3201 IV),
1240 3118 1619 3203 Necroloyia
1690 3117 2187 3202 Mer-seburqense
2200 3116 2230 3162 3
2239 3166 2259 3197 ,
2333 3118 2703 3203 Maydebur-

428 3243 606 3305 yense
621 3219 671 3299 ⁴,
733 3219 1281 3305 Luneburqense⁵;
1335 3230 1661 3306 praeterea
1719 3221 2023 3284 decretum
2082 3221 2310 3307 synodi
2363 3220 2700 3285 Dortmun-

429 3323 637 3387 densis
674 3346 734 3387 a.
781 3324 962 3387 1005.
1008 3322 1225 3402 habiti,
1264 3323 1621 3407 diplomata
1657 3322 2050 3386 ecclesiarum
2088 3322 2613 3407 Merseburyensis
2646 3334 2703 3387 et

443 3426 907 3491 Walbeccensis.
997 3425 1169 3488 Inter
1214 3447 1365 3510 quos
1405 3424 1826 3487 Widukindus
1853 3424 2013 3508 fons
2059 3424 2364 3489 librorum
2410 3427 2464 3491 J.
2508 3436 2565 3490 et
2607 3426 2696 3489 II.

427 3528 816 3614 principalis
875 3538 991 3607 est,
1051 3528 1146 3590 ita
1203 3537 1268 3589 ut
1325 3549 1428 3606 ea,
1488 3549 1643 3611 quae
1700 3549 1776 3591 ex
1832 3527 2011 3590 illius
2064 3549 2241 3612 opere
2292 3528 2487 3614 petita
2539 3537 2699 3606 sunt,

430 3632 613 3718 quasi
654 3641 940 3693 truncum
975 3629 1283 3714 quendam
1327 3629 1631 3715 efficiant,
1677 3631 1787 3715 qui
1829 3631 2062 3711 ceteris,
2108 3654 2263 3717 quae
2309 3630 2703 3695 Thietmarus

431 3744 540 3798 aut
595 3755 672 3798 ew
730 3755 844 3796 sua
903 3733 1164 3798 seientia
1227 3743 1339 3796 aut
1398 3756 1475 3797 ex
1531 3734 1686 3798 aliis
1728 3733 2019 3818 fontibus
2076 3735 2332 3811 adiecit,
2392 3744 2459 3798 ut
2501 3736 2703 3799 ramis

363 3826 368 3831 ⁵
416 3836 727 3922 foliisque
763 3838 1040 3903 vestitur.
1110 3835 1209 3899 De
1247 3835 1603 3901 Annalibus
1644 3835 2313 3923 Quedlinburyensibus
2358 3837 2705 3901 Thietmari

416 3939 601 4025 fonte
645 3962 699 4001 v.
746 3938 972 4003 ‘Neues
1018 3938 1274 4003 Archiv’
1322 3938 1427 4001 XI
1441 3939 1506 4018 V,
1551 3941 1825 4021 67—80‚
1872 3940 1982 4003 ubi
2024 3950 2332 4003 auctorem
2376 3940 2447 4001 in
2482 3940 2702 4023 prima

431 4042 636 4126 operis
680 4042 1064 4125 conceptione
1116 4064 1302 4126 usque
1345 4042 1434 4105 ad
1459 4040 1658 4125 finem
1712 4043 1961 4127 septimi
2007 4039 2229 4127 (seoeti)
2286 4041 2438 4104 libri
2482 4040 2702 4103 Anna-

435 4232 488 4295 1)
527 4230 682 4299 Cons.
717 4231 1103 4299 Lappenbery,
1135 4230 1320 4299 praef.
1354 4246 1411 4298 p.
1450 4232 1552 4286 728
1578 4249 1675 4301 sq„
1729 4229 2082 4288 Wattenbach
2125 4227 2703 4297 ‘Geschichtsquellen',

432 4317 725 4373 Strebitzki
771 4315 1137 4372 ‘Thietmarus
1185 4318 1385 4387 quibus
1421 4317 1675 4386 fontibus
1722 4334 1860 4371 usus
1908 4316 2025 4381 sit’,
2070 4316 2201 4369 diss.
2250 4316 2513 4383 Ko'niysb.
2553 4316 2705 4370 1870.

431 4403 484 4469 2)
522 4403 620 4458 δ’δ’.
651 4404 770 4458 ΙΙΙ.
810 4410 860 4459 et
893 4404 975 4457 ecl.
1021 4400 1239 4459 waitz-⁹2
1278 4405 1425 4459 1882.
1566 4406 1621 4467 3)
1657 4404 1767 4458 Ed.
1803 4404 1875 4457 Ε.
1904 4402 2205 4465 Βᾱηιηιῑον,
2244 4401 2417 4455 ‘Neue
2444 4401 2702 4455 Mittheil.
2734 4441 2738 4446 .

431 4489 484 4543 d.
511 4490 859 4545 sa'chsaethizr.
887 4489 1025 4544 Ver!
1058 4491 1168 4543 XI.
1306 4490 1360 4555 4)
1396 4490 1543 4544 Ibid.
1575 4489 1647 4541 X.
1776 4486 1832 4551 5)
1868 4488 1980 4541 Ed.
2018 4486 2317 4541 Wedekind
2343 4485 2560 4542 ‘Noten’
2586 4488 2705 4543 III.
