3100 5050
142 2299 166 2321 '⁸
185 2301 270 2351 sol.
289 2299 382 2340 120.

1013 410 1418 467 ΤΗῙΕΤΜΑΒΙ
1453 411 1717 467 CHRON.
1786 412 1923 467 LIB.
1960 413 2052 468 VI.
2556 416 2656 471 163

405 575 488 647 et,
525 584 612 632 ‘ne
656 566 844 631 solito
888 570 1453 645 commoverentur,
1509 566 1735 630 sedare
1784 567 2124 650 temptavit
2138 567 2182 634 ¹.
2282 568 2456 646 Quos
2499 588 2659 631 non·
2695 580 2844 635 1009.

405 653 568 718 nulli
620 652 1015 718 iniusticiam
1067 650 1474 717 dominorum
1527 672 1787 717 suorum
1840 652 1982 735 pati
2034 652 2324 718 nolentes
2368 650 2659 731 laudant,

407 760 525 805 nos
569 746 784 803 autem
827 739 1014 821 quasi
1049 738 1306 820 ignavos
1341 744 1603 802 econtra
1639 737 2024 820 vituperant.
2106 736 2307 803 Sunt·
2348 738 2657 823 plerique,

409 825 520 909 qui
576 824 862 908 corporis
914 822 1349 907 voluptatibus
1402 824 1650 887 cunctis
1711 824 2059 889 servientes
2114 822 2297 889 freno
2350 825 2658 908 equitatis

405 931 447 975 a
491 911 627 975 Deo
669 908 987 993 inpositae
1029 908 1166 991 regi
1209 907 1577 973 nullatenus
1623 915 1869 987 curant,
1922 908 2034 973 sed
2080 908 2217 988 hoc,
2263 909 2499 975 virtute
2546 931 2676 974 seu·

404 994 546 1061 fieri
587 995 760 1061 valet
803 1001 962 1073 arte,
1015 993 1096 1059 de
1150 992 1367 1057 futuro
1421 993 1513 1058 nil
1564 994 1863 1059 sollicitib
1916 994 2270 1059 defendunt
2323 1002 2387 1060 et
2438 1015 2659 1059 omnes

403 1083 472 1148 in
514 1081 638 1147 hoc
682 1080 807 1145 sibi
849 1100 976 1145 non
1021 1079 1490 1145 consentientes
1533 1080 1935 1145 detractione
1979 1088 2044 1145 et
2095 1081 2243 1145 odio
2296 1080 2661 1146 insaciabili

403 1173 899 1253 persequuntur.
971 1164 1095 1230 Sed
1127 1184 1241 1248 ego
1267 1163 1392 1229 hiis
1420 1186 1627 1249 neque
1656 1168 1889 1231 suimet
1914 1165 2276 1232 fautoribus
2304 1168 2657 1246 consenti03

407 1255 562 1337 quin
605 1254 817 1337 potius
857 1250 1004 1329 illis,
1050 1251 1163 1335 qui
1197 1251 1335 1316 Deo
1373 1271 1440 1317 se
1476 1251 2031 1336 potestatibusque
2067 1252 2150 1317 ab
2186 1273 2260 1317 eo
2297 1253 2660 1317 constitutis

405 1338 753 1405 humiliant
813 1343 882 1402 et
941 1336 1202 1416 cedunt,
1283 1338 1555 1420 asspiro,
1644 1336 1875 1421 quibus
1933 1337 2189 1403 videtur
2248 1358 2388 1402 esse
2448 1339 2661 1402 sacius

407 1425 626 1490 omnia
676 1429 935 1507 propter
976 1423 1186 1487 Deum
1237 1424 1406 1505 pati,
1462 1444 1659 1506 quam
1711 1424 1958 1507 litigio⁰
2010 1429 2076 1489 et
2130 1423 2478 1489 execrabili
2520 1444 2664 1505 per-

405 1510 574 1575 iurio
635 1509 918 1575 divinam
977 1508 1384 1573 maiestatem
1443 1507 1788 1573 offendere.
1898 1508 2119 1574 Nostri
2176 1509 2664 1594 predecessores

407 1597 542 1662 suis
594 1594 952 1660 senioribus
1005 1615 1257 1677 semper
1305 1592 1529 1660 fideles
1582 1594 1649 1657 in
1702 1601 2054 1659 extraneas.
2084 1597 2378 1660 nationes
2422 1617 2499 1659 ac
2535 1615 2665 1659 non

404 1683 476 1747 in
529 1682 778 1747 viscera
831 1680 1062 1765 optimi
1114 1679 1442 1745 seviebant
1493 1680 1752 1745 milites.
1856 1680 1995 1745 Hoc
2052 1682 2401 1763 posteritas
2454 1680 2665 1746 discat

407 1773 472 1833 et
533 1768 664 1833 alia
723 1766 932 1850 fugiat
991 1772 1081 1845 et,
1142 1786 1307 1849 quae
1364 1763 1675 1830 mutanda
1731 1772 1907 1844 sunt,
1970 1786 2095 1831 non
2152 1767 2219 1831 in
2276 1767 2487 1850 peine,
2552 1766 2665 1831 sed

407 1875 660 1938 semper
693 1854 764 1917 in
800 1852 1030 1916 melius
1065 1850 1419 1915 transferre
1454 1849 1826 1931 contendat;
1871 1850 2341 1917 beatitudinem
2370 1858 2665 1918 octenam
2694 1871 2971 1913 &manaa

405 1940 684 2005 libenter
709 1937 1004 2003 attendat
1037 1956 1388 2019 eorumque
1415 1938 1709 2018 opposita
1736 1935 1987 2021 fugiens
2024 1959 2167 2003 eam
2186 1938 2667 2023 apprehendere

409 2023 689 2091 studeat.
780 2021 950 2100 Quid
993 2021 1140 2086 illos
1185 2021 1462 2103 amplius
1509 2023 1833 2107 corripere
1868 2023 1967 2087 vel
2008 2024 2129 2089 hos
2172 2025 2469 2090 attollere
2506 2025 2666 2103 v010,

408 2131 557 2175 cum
593 2109 1034 2191 unusquisque
1076 2128 1194 2191 pro
1239 2107 1552 2190 qualitate
1588 2110 1690 2173 sui
1728 2110 1991 2174 seminis
2034 2130 2150 2193 pro
2188 2116 2361 2175 certo
2394 2111 2669 2194 recipiat

408 2196 696 2261 fructum
729 2194 988 2259 futurae
1021 2193 1290 2257 messis?
1368 2192 1526 2257 Cum
1563 2213 1680 2277 pro
1714 2194 2241 2278 corruptibilibus
2276 2195 2666 2279 accipiendis

411 2302 663 2363 semper
695 2279 1085 2357 laboramus,
1131 2299 1247 2344 cur
1280 2299 1410 2343 non
1447 2278 1532 2344 ad
1566 2278 1991 2345 indeficientis
2029 2301 2331 2347 coronam
2368 2281 2666 2347 *honoris

409 2366 666 2432 sublato
692 2366 920 2431 timore
947 2364 1420 2448 aliquantulum
1447 2366 1905 2448 properamus?
1968 2366 2153 2431 Hanc
2178 2367 2263 2431 ad
2291 2367 2667 2451 capiendam

409 2474 523 2519 rex
576 2457 819 2531 noster,
879 2456 954 2516 ut
1002 2451 1282 2536 predixi,
1341 2452 1408 2515 in
1461 2452 1804 2515 itineribus
1857 2457 1923 2517 et
1972 2453 2118 2517 aliis
2174 2452 2667 2517 necessitatibus

409 2539 686 2605 maxime
752 2538 1055 2604 laborans
1107 2539 1351 2604 amicos
1411 2537 1570 2602 fecit
1620 2539 1743 2602 sibi
1805 2538 2125 2619 inimicos,
2188 2540 2357 2604 iuste
2410 2539 2667 2605 eosdem

408 2645 662 2692 exosus.

581 2714 683 2778 49.
725 2708 886 2795 (33.)
939 2709 1208 2774 Interim
1233 2708 1442 2774 Daedi
1475 2729 1685 2773 comes
1721 2729 2024 2790 magnum
2061 2709 2337 2776 dedecus
2365 2711 2433 2774 in
2457 2709 2667 2775 verbis

411 2804 478 2863 et
519 2798 588 2862 in
637 2795 941 2880 operibus
985 2793 1275 2878 predicto
1309 2794 1531 2878 nepoti
1567 2814 1711 2859 meo
1747 2795 2029 2860 inferens
2073 2797 2375 2861 excitavit
2406 2797 2665 2874 malum,

412 2882 586 2967 quod
637 2881 776 2946 fore
829 2883 1079 2964 putavit
1129 2879 1402 2945 oblitum
1417 2878 1463 2947 2.
1566 2880 1848 2946 Consilio
1902 2882 2073 2945 enim
2126 2881 2265 2946 eius
2318 2888 2385 2946 et
2428 2883 2666 2946 auxilio

413 2968 570 3033 urbs
622 2967 828 3051 patris
891 2968 1030 3031 eius
1091 2975 1159 3030 et
1209 2974 1436 3031 nostra
1479 2965 1990 3047 Walmerstidi3‚
2056 2967 2388 3033 Slavonice
2451 2973 2667 3032 autem

414 3051 740 3130 Ustiure4,
785 3072 859 3116 eo
895 3050 1067 3136 quod
1102 3052 1274 3116 Ara5
1311 3058 1376 3116 et
1411 3051 1593 3117 Albis
1624 3051 1802 3118 fluvii
1836 3052 1942 3117 hic
1974 3054 2375 3132 conveniunt,
2420 3062 2666 3134 vocata,

418 3139 756 3205 combusta
797 3144 899 3203 est
939 3143 1004 3202 et
1045 3136 1454 3220 depopulata.

588 3224 946 3288 Commovit
995 3222 1117 3288 hoc
1169 3243 1354 3287 omne
1411 3223 1769 3287 animosum
1826 3224 2071 3289 iuvenis
2130 3225 2370 3308 egregii
2426 3225 2976 3321 pectusJerIffiGffiOE·

417 3318 482 3376 et
517 3331 662 3375 cum
697 3308 948 3374 hostem
984 3308 1063 3374 de
1099 3308 1357 3373 civitate
1393 3307 1935 3392 Tongeremuthi⁶
1968 3309 2161 3389 dicta,
2200 3312 2352 3394 quia
2378 3311 2669 3394 Tongera
2830 3305 2843 3330 '
2918 3307 2931 3319 ’

413 3395 645 3462 fluvius
680 3393 920 3460 ibidem
959 3396 1030 3460 in
1066 3393 1323 3460 Albiam
1357 3393 1552 3473 cadit,
1598 3397 1891 3478 equitare
1924 3397 2237 3461 veraciter
2270 3397 2667 3481 comperiret,

415 3482 685 3548 fratrem
719 3501 932 3545 meum
965 3481 1394 3545 Frithericum
1429 3500 1577 3545 cum
1608 3479 1729 3544 XX
1764 3487 2017 3547 tantum
2053 3481 2365 3547 militibus
2402 3484 2669 3547 armatis

417 3589 632 3634 secum
678 3587 932 3633 sumens
977 3587 1017 3630 a
1062 3565 1471 3632 summitate‘1
1519 3568 1708 3630 unius
1755 3567 1964 3650 campi
1998 3566 2080 3632 ad
2118 3567 2373 3633 Mosum
2406 3567 2669 3632 villam⁷

414 3653 856 3741 pertingentia
921 3673 1048 3735 qua
1093 3653 1340 3718 eminus
1385 3652 1659 3736 asspici<³
1700 3654 1931 3735 potuit,
1984 3652 2255 3718 viriliter
2298 3653 2671 3737 aggreditur
2696 3670 2878 3722 (1u1.9).

418 3747 485 3806 et
526 3739 799 3806 eundem
852 3736 1248 3821 fugientibus
1291 3758 1439 3803 mox
1473 3737 1620 3822 plus
1666 3758 1861 3821 quam
1902 3736 2145 3803 XXXX
2180 3741 2374 3805 sociis
2418 3738 2672 3805 fortiter

417 3889 444 3918 a
497 3877 583 3919 Sed
609 3889 717 3917 corr.
747 3875 861 3918 Sunt
884 3878 924 3916 1.
1053 3874 1100 3922 b)
1135 3876 1305 3915 sollititi
1332 3878 1372 3914 1.
1511 3875 1552 3926 c)
1587 3886 1696 3926 quas
1724 3875 1890 3925 ligitios
1916 3877 1970 3926 Β,
2004 3875 2083 3915 ced
2106 3879 2329 3928 utrumque
2355 3887 2377 3916 s
2406 3887 2569 3918 nasum
2595 3879 2668 3918 eet.

417 3877 462 3981 <13
487 3930 790 3969 assummltate
815 3929 870 3968 B.
937 3983 940 3988 Ι
975 3927 1018 3978 e)
1039 3928 1164 3976 prim
1191 3938 1214 3967 s
1240 3938 1404 3968 erasum
1428 3929 1468 3967 1.

419 4035 472 4097 1)
520 4034 629 4088 Iul.
665 4035 698 4087 2
749 4032 940 4087 charta
987 4036 1115 4086 teste
1159 4029 1414 4098 (Stumpf
1456 4031 1616 4096 1537)
1660 4033 1779 4111 iam·
1821 4031 1882 4086 in
1912 4032 2137 4111 ‘pa-latio
2183 4031 2480 4111 Inqelheinf
2516 4030 2665 4111 funt-‚-

419 4101 657 4157 ‘Jahrbss
692 4103 780 4168 ΙΙ,
816 4100 1106 4156 eso-284.
1243 4102 1298 4165 2)
1341 4101 1393 4153 Ι.
1429 4115 1472 4154 e.
1506 4101 1661 4154 novis
1692 4101 1807 4154 illes
1836 4101 2063 4154 meumes
2096 4100 2286 4154 Daedz
2332 4100 2669 4155 Wimharw

418 4171 477 4224 in
502 4171 813 4224 memoriam
836 4171 1108 4224 revocavit
1131 4175 1356 4222 veterem
1382 4169 1660 4236 quandam
1685 4170 1797 4224 iam
1822 4171 1976 4238 patri
1997 4169 2116 4223 eius
2140 4169 2433 4224 Linthan'o
2457 4170 2670 4225 illatam

420 4244 472 4294 et
487 4254 662 4306 paene
685 4239 948 4294 oblivione
971 4240 1222 4318 obrutam
1232 4256 1252 4303 ‚-
1286 4239 1432 4317 unde
1459 4245 1693 4318 apparet
1715 4238 1902 4292 urbem
1928 4238 2286 4294 Wolmirstedt
2304 4253 2415 4291 non
2436 4255 2489 4319 a:
2516 4239 2669 4301 1009,

418 4309 678 4439 ira?
705 4306 1638 4456 afflatam-{wrm
1674 4307 2063 4456 titiam·
2130 4375 2184 4440 ⁶>
2203 4305 2669 4444 amm:

421 4443 475 4509 7)
514 4444 672 4497 Mose
707 4443 1007 4498 dommmm
1033 4460 1204 4512 prope
1254 4444 1614 4501 Wolmmtedt
1646 4450 1826 4500 sutum.
2044 4473 2059 4484 ν

2258 4547 2363 4602 11*
