3100 5050
1009 416 1417 473 THIETMARI
1451 414 1717 472 CHRON.
1786 415 1925 470 LIB.
1962 416 2025 470 V.
2541 419 2641 473 127

146 589 168 612 ²·
187 592 268 641 soz.
288 592 357 633 οι.
385 570 774 657 sapi*ebant,
845 589 1012 654 aque
1080 570 1352 635 torrenti
1424 577 1489 634 et
1551 568 1794 635 homini
1854 569 2104 654 potenti
2166 569 2439 634 arduum
2502 590 2640 635 esse
2677 586 2830 643 10033

383 655 792 729 testabantur
835 657 1164 735 resistere;
1222 655 1504 720 devictos
1547 674 1697 719 raro
1741 663 1856 719 aut
1898 676 2245 738 numquam
2289 656 2641 739 promereri

381 744 663 821 veniam,
731 742 1078 807 incolomes
1131 748 1197 805 et
1249 740 1423 805 nullo
1479 762 1545 805 se
1610 746 1761 805 tunc
1814 742 2075 807 vulnere
2136 741 2433 806 tardatos
2496 762 2642 807 cum

383 827 644 895 domina
721 829 957 893 suimet
1039 827 1439 910 caeterisque
1518 826 1703 892 bonis
1776 847 1854 891 ac
1923 826 2289 909 hospitibus
2360 826 2639 891 abeundi

151 941 171 963 *
195 942 354 991 2801.
382 912 709 980 licentiam
764 912 971 997 *apud
1032 934 1248 995 regem
1312 912 1770 997 imploraturos
1832 911 2267 981 affirmabant.
2370 912 2637 992 Horum,

379 1007 454 1065 ut
535 1000 786 1084 opinor,
870 998 1135 1064 consilio
1215 1004 1430 1063 custos
1501 997 1789 1063 eiusdem
1861 998 2142 1063 civitatis
2212 998 2422 1063 Bucco
2494 1020 2638 1063 cum

381 1086 614 1153 Ottone
659 1104 962 1169 germano
1014 1086 1249 1149 suimet
1300 1083 1561 1149 domine
1580 1084 1605 1127 1
1654 1084 1941 1167 loquitur
1994 1084 2261 1167 eiusque
2313 1082 2638 1167 suffragiis

379 1171 606 1237 urbem
665 1171 886 1253 regiae
946 1171 1254 1254 potestati
1311 1169 1607 1249 tradidit3
1671 1170 1809 1253 ipse
1868 1176 2087 1234 autem
2144 1190 2286 1235 cum
2346 1171 2639 1236 omnibus

379 1255 504 1323 sibi
569 1256 926 1321 commissis
989 1276 1254 1321 securus
1320 1254 1502 1323 abiit.
1614 1254 1965 1321 Confestim
2032 1254 2261 1321 civitas
2324 1256 2639 1321 radicitus

380 1342 554 1407 dirui
605 1362 646 1407 a
697 1362 846 1425 rege
899 1341 1184 1415 iubetur,
1238 1349 1337 1407 set
1387 1340 1804 1425 parcentibus
1858 1341 2050 1406 huius
2111 1342 2206 1407 rei
2267 1341 2639 1407 auctoribus

378 1448 615 1511 magna
661 1448 740 1492 ex
779 1438 964 1512 parte
1009 1448 1153 1491 cum
1199 1424 1514 1493 aedificiis
1559 1436 1869 1494 servatur.

550 1514 652 1581 36.
719 1512 882 1599 (22.)
975 1512 1270 1592 Interim,
1342 1511 1498 1578 dum
1561 1534 1673 1578 rex
1730 1512 2019 1579 Heinrici
2080 1513 2332 1578 comitis
2393 1512 2637 1592 urbem,

381 1598 615 1665 Crusni
667 1606 986 1678 vocatam,
1048 1599 1360 1683 possedit,
1418 1598 1781 1663 Bolizlavus
1835 1619 1982 1663 eum
2035 1600 2105 1663 in
2156 1599 2372 1683 aliquo
2423 1598 2637 1664 ledere

379 1705 716 1769 sumopere
793 1684 974 1749 nisus
1053 1686 1220 1750 clam
1299 1685 1653 1750 exercitum
1732 1684 1978 1768 colligit
2054 1690 2119 1749 et
2193 1705 2311 1768 per
2376 1685 2637 1751 nuntios

378 1771 614 1837 suimet
665 1770 1076 1836 Guncilinum
1128 1770 1399 1835 fratrem
1453 1776 1731 1849 ortatur,
1794 1777 1867 1835 ut
1920 1789 2165 1835 memor
2215 1769 2440 1836 firmae
2496 1790 2637 1854 pro-

375 1857 704 1922 missionis
747 1857 972 1923 nrbem
1011 1856 1396 1922 Misnensem
1441 1876 1598 1921 suae
1641 1855 1939 1921 redderet
1972 1856 2211 1922 dicioni
2248 1857 2638 1921 amiciciam-

378 1964 502 2025 que
553 1949 893 2009 renovaret
942 1942 1302 2025 pristinam.
1404 1941 1520 2006 Ille
1566 1948 1782 2007 autem
1834 1943 2045 2007 sciens
2100 1943 2291 2008 istius
2344 1945 2639 2026 ingressu

375 2049 418 2093 a
459 2028 672 2111 gratia
715 2030 885 2112 regis
931 2034 998 2092 et
1039 2048 1080 2092 a
1116 2027 1449 2093 domenioa
1489 2028 1610 2093 tali
1655 2048 1723 2093 se
1757 2029 2013 2113 penitus
2060 2028 2387 2093 exclusum
2434 2028 2638 2094 fuisse

373 2113 700 2179 mandatis
745 2112 988 2179 talibus
1026 2113 1396 2197 respondet:
1452 2112 1723 2193 ‘Omnia,
1772 2134 1939 2197 quae
1971 2122 2230 2200 praeter
2263 2114 2425 2180 haec
2458 2135 2499 2179 a
2534 2135 2635 2180 me

380 2200 644 2281 expetis,
689 2199 912 2279 frater,
958 2198 1232 2264 libenter
1274 2198 1548 2285 inpendo
1595 2206 1677 2279 et,
1726 2200 1780 2263 si
1816 2221 2121 2283 umquam
2159 2199 2319 2265 haec
2354 2199 2636 2265 faciendi

96 2309 146 2367 .*
164 2311 247 2360 soz.
267 2308 346 2351 εν.
376 2284 810 2367 *oportunitas
855 2284 1118 2363 accidit,
1173 2306 1299 2350 non
1344 2306 1588 2353 recuso,
1689 2284 1854 2351 Sunt
1898 2306 2145 2351 mecum
2192 2287 2464 2351 senioris
2509 2287 2634 2351 mei

377 2369 707 2450 satelliteS,
754 2370 864 2456 qui
907 2370 1070 2435 talia
1112 2391 1238 2436 non
1284 2372 1652 2455 paciuntur3
1700 2377 1767 2435 et
1810 2372 1866 2435 si
1910 2371 2032 2436 hoc
2068 2370 2457 2457 publicatur,
2506 2373 2638 2437 vita

376 2476 520 2521 mea
558 2476 702 2521 cum
739 2455 1054 2536 omnibus,
1093 2478 1257 2541 quae
1283 2456 1605 2542 possideo,
1641 2457 2085 2540 periclitatur.’
2148 2456 2289 2522 Hac
2315 2457 2637 2542 legatione

373 2550 640 2627 accepta
709 2543 1070 2608 Bolizlavns
1149 2545 1579 2609 internuntios
1650 2544 1961 2609 custodiri
2032 2552 2097 2609 et
2164 2544 2476 2628 legionem
2548 2544 2633 2609 ad

373 2627 591 2696 Albim
645 2629 1029 2716 properareb
1085 2630 1292 2697 iussit.
1395 2629 1520 2694 Hic
1582 2629 1960 2712 qualitatem
2018 2629 2327 2695 vadorum
2386 2636 2637 2696 secreto

371 2715 747 2798 perquirens
816 2735 1005 2780 mane
1073 2713 1246 2781 facto
1319 2712 1502 2804 [ipse]
1586 2714 2000 2799 subsequitur
2078 2721 2144 2780 et
2210 2715 2297 2781 ad
2359 2715 2633 2781 Strelam

373 2801 716 2880 civitatem,
774 2801 927 2884 quia
970 2821 1124 2866 suae
1169 2801 1286 2866 dos
1331 2810 1474 2866 erat
1515 2798 1689 2865 filiae
1706 2799 1750 2881 2,
1806 2801 2175 2876 demandat,
2230 2807 2303 2866 ut
2345 2822 2465 2866 nec
2509 2801 2635 2866 sibi

373 2887 716 2970 quicquam
762 2889 1066 2952 timerent
1117 2908 1324 2970 neque
1368 2905 1513 2952 cum
1569 2887 1847 2952 clamore
1901 2887 2083 2952 illato
2138 2888 2501 2952 convicinos
2551 2887 2632 2952 de

371 2972 495 3037 hac
537 2993 608 3037 re
653 2977 861 3037 certos
907 2971 1254 3037 efficerent.
1345 2972 1479 3038 Nec
1523 2992 1725 3052 mora,
1772 2974 2093 3038 exercitus
2132 2973 2312 3038 iussu
2348 2973 2530 3037 ducis
2565 2975 2633 3037 in

372 3062 648 3142 quatuor
699 3057 1008 3123 dividitur
1061 3064 1127 3123 et
1177 3057 1261 3122 ad
1318 3058 1494 3124 Girin
1556 3059 1939 3124 castellum3
1990 3079 2248 3142 vespere
2309 3059 2633 3124 conveniri

368 3144 740 3229 precipitur.
837 3145 1056 3209 Duae⁰
1109 3149 1329 3210 autem
1382 3143 1731 3228 phalanges
1783 3146 2163 3230 premissae,
2222 3166 2303 3210 ne
2356 3145 2458 3210 sui
2513 3146 2630 3210 ali-

372 3249 562 3312 quam
599 3251 640 3294 a
675 3229 1045 3295 marchione
1080 3229 1437 3295 molestiam
1466 3237 1861 3314 paterentur,
1897 3229 2233 3316 providere
2262 3229 2632 3297 studebant.

369 3315 572 3381 Totus
615 3315 722 3380 hic
763 3336 990 3399 pagus,
1036 3316 1149 3398 qui
1194 3315 1502 3380 Zlomizi4
1544 3316 1805 3396 dicitur,
1852 3319 2091 3400 optime
2133 3323 2273 3382 tum
2318 3318 2628 3396 excultus,

368 3401 438 3466 in
481 3422 612 3466 una
655 3401 777 3466 hac
822 3400 927 3466 die
970 3402 1136 3485 igne,
1183 3399 1398 3484 gladio
1435 3408 1500 3467 et
1533 3401 1921 3468 habitatoris
1956 3403 2295 3469 eductione
2330 3401 2635 3469 flebiliter

369 3487 722 3553 desolatur.
1350 3492 1354 3496 '

539 3574 641 3639 37.
715 3572 838 3638 Sed
876 3572 1154 3657 qualiter
1197 3573 1320 3654 isd,
1377 3573 1488 3658 qui
1533 3594 1755 3639 omnes
1810 3574 2033 3639 crebro
2084 3573 2309 3640 fallere
2360 3573 2631 3653 solebat,

366 3681 408 3724 a
453 3659 894 3742 quibusdam0,
941 3661 1052 3742 qui
1096 3659 1165 3722 in
1205 3659 1510 3742 Mogilina
1556 3659 1759 3725 urbe⁵
1794 3659 2123 3740 sedebant,
2168 3659 2623 3740 deludereturf,

368 3766 728 3810 memorare
773 3745 950 3810 libet.
1039 3744 1150 3810 Hii
1197 3747 1341 3809 cut’n
1387 3767 1427 3811 a
1469 3745 1717 3830 legione
1761 3746 1845 3811 ad
1900 3765 2009 3811 eos
2062 3746 2261 3811 missa
2312 3746 2630 3830 inpugna·

363 3837 615 3896 rentur:
669 3830 822 3896 ‘Cur
866 3831 960 3896 sic
1001 3830 1278 3896 facitis?⁹
1322 3832 1641 3915 inquiunt.
1733 3832 2056 3897 ‘Vestrum
2102 3833 2418 3896 seniorem
2464 3831 2627 3915 opti·

367 3938 540 3983 mum
595 3918 832 3982 scimus
895 3922 960 3981 et
1011 3915 1182 3980 hunc
1241 3923 1461 3983 nostro
1523 3938 1874 4002 preponere
1926 3917 2235 3982 volumus.
2346 3917 2626 3982 Tantum

365 4071 410 4120 a)
438 4072 637 4112 demonio
662 4075 706 4120 13
737 4072 947 4122 dignitate
976 4081 1058 4111 sun
1082 4070 1135 4111 A.
1156 4072 1203 4111 S.
1335 4071 1378 4122 b)
1402 4082 1450 4112 re
1475 4072 1581 4112 aad.
1602 4073 1651 4113 T.
1784 4072 1826 4123 c)
1864 4077 1891 4124 9
1918 4073 1964 4113 in
1990 4075 2077 4113 loco
2102 4083 2199 4111 raso
2218 4071 2267 4112 T.
2389 4070 2437 4122 d)
2470 4071 2543 4110 his
2568 4071 2629 4110 A..

365 4122 409 4173 e)
443 4124 620 4174 quibam
645 4124 698 4174 A,
724 4135 830 4164 corr.
854 4123 902 4164 T.
1010 4122 1047 4174 f)
1075 4123 1308 4163 deludetur
1331 4123 1382 4174 A,
1410 4135 1516 4164 corr.
1541 4124 1591 4165 Τ.

368 4245 420 4309 1)
469 4243 594 4298 Otto
637 4245 816 4309 frater
859 4243 1162 4311 Gerberqae
1195 4244 1338 4299 idem
1357 4245 1609 4310 fortasse
1640 4245 1775 4310 fuit,
1824 4245 1922 4314 qui
1953 4261 2128 4314 sup-ra
2172 4261 2215 4300 c.
2244 4245 2313 4300 24
2346 4244 2629 4299 Heriberti

362 4312 513 4380 filius
537 4312 838 4368 dicebatur.
959 4313 1012 4379 2)
1051 4311 1205 4379 Conf.
1232 4329 1406 4380 supra
1432 4316 1536 4378 IV,
1565 4315 1649 4370 58.
1772 4313 1825 4377 3)
1862 4315 2075 4369 Zehren
2101 4315 2279 4368 vicum
2302 4314 2363 4369 in
2391 4314 2625 4368 sinistra

364 4381 712 4518 §affin-eggan,-
749 4381 1202 4515 gssfssnngissm
1253 4385 1432 4437 situm.
1621 4386 1675 4448 4)
1740 4381 1987 4438 Glomaci
2036 4384 2120 4437 vel
2172 4381 2417 4438 Glomuzi
2468 4384 2509 4436 I
2506 4421 2521 4448 ,
2572 4384 2629 4438 3.
