<?xml version="1.0" encoding="UTF-8"?>
<!DOCTYPE html PUBLIC "-//W3C//DTD XHTML 1.0 Transitional//EN"
    "http://www.w3.org/TR/xhtml1/DTD/xhtml1-transitional.dtd">
<html xmlns="http://www.w3.org/1999/xhtml" xml:lang="en" lang="en">
 <head>
  <title>
</title>
<meta http-equiv="Content-Type" content="text/html;charset=utf-8" />
  <meta name='ocr-system' content='tesseract 3.04.00' />
  <meta name='ocr-capabilities' content='ocr_page ocr_carea ocr_par ocr_line ocrx_word'/>
</head>
<body>
  <div class='ocr_page' id='page_1' title='image "./thietmarimerseb00lappgoog_0127.png"; bbox 0 0 3100 5050; ppageno 0'>
   <div class='ocr_carea' id='block_1_1' title="bbox 1046 405 2683 469">
    <p class='ocr_par' dir='ltr' id='par_1_1' title="bbox 1046 405 2683 469">
     <span class='ocr_line' id='line_1_1' title="bbox 1046 405 2683 469; baseline 0.004 -8"><span class='ocrx_word' id='word_1_1' title='bbox 1046 406 1454 463; x_wconf 76' lang='lat' dir='ltr'><strong>THIETMARI</strong></span> <span class='ocrx_word' id='word_1_2' title='bbox 1491 405 1754 463; x_wconf 86' lang='lat' dir='ltr'>CHRON.</span> <span class='ocrx_word' id='word_1_3' title='bbox 1823 408 1963 463; x_wconf 89' lang='lat' dir='ltr'>LIB.</span> <span class='ocrx_word' id='word_1_4' title='bbox 2000 410 2065 465; x_wconf 84' lang='lat' dir='ltr'>V.</span> <span class='ocrx_word' id='word_1_5' title='bbox 2580 411 2683 469; x_wconf 83' lang='lat'>107</span> 
     </span>
    </p>
   </div>
   <div class='ocr_carea' id='block_1_2' title="bbox 421 558 2677 819">
    <p class='ocr_par' dir='ltr' id='par_1_2' title="bbox 421 558 2677 819">
     <span class='ocr_line' id='line_1_2' title="bbox 421 558 2676 643; baseline 0.002 -19"><span class='ocrx_word' id='word_1_6' title='bbox 421 560 576 643; x_wconf 84' lang='lat' dir='ltr'>quia</span> <span class='ocrx_word' id='word_1_7' title='bbox 619 580 838 625; x_wconf 85' lang='lat' dir='ltr'>verum</span> <span class='ocrx_word' id='word_1_8' title='bbox 882 566 998 639; x_wconf 86' lang='lat' dir='ltr'>est,</span> <span class='ocrx_word' id='word_1_9' title='bbox 1043 558 1408 625; x_wconf 87' lang='lat' dir='ltr'>hominibus</span> <span class='ocrx_word' id='word_1_10' title='bbox 1454 559 1534 625; x_wconf 92' lang='lat' dir='ltr'>de</span> <span class='ocrx_word' id='word_1_11' title='bbox 1622 560 1968 627; x_wconf 84' lang='lat' dir='ltr'>erfectione</span> <span class='ocrx_word' id='word_1_12' title='bbox 2004 562 2177 627; x_wconf 83' lang='lat' dir='ltr'>iusta</span> <span class='ocrx_word' id='word_1_13' title='bbox 2210 563 2403 629; x_wconf 87' lang='lat' dir='ltr'>nimis</span> <span class='ocrx_word' id='word_1_14' title='bbox 2436 562 2676 641; x_wconf 82' lang='lat' dir='ltr'>deesse,</span> 
     </span>
     <span class='ocr_line' id='line_1_3' title="bbox 421 643 2677 733; baseline 0.001 -22"><span class='ocrx_word' id='word_1_15' title='bbox 421 645 616 729; x_wconf 63' lang='lat' dir='ltr'>quid*</span> <span class='ocrx_word' id='word_1_16' title='bbox 664 644 928 729; x_wconf 88' lang='lat' dir='ltr'>prodest</span> <span class='ocrx_word' id='word_1_17' title='bbox 980 644 1062 711; x_wconf 88' lang='lat' dir='ltr'>de</span> <span class='ocrx_word' id='word_1_18' title='bbox 1115 643 1536 711; x_wconf 83' lang='lat' dir='ltr'>inferioribus</span> <span class='ocrx_word' id='word_1_19' title='bbox 1640 646 1716 711; x_wconf 84' lang='lat' dir='ltr'>&#39;is</span> <span class='ocrx_word' id='word_1_20' title='bbox 1776 646 1907 713; x_wconf 85' lang='lat' dir='ltr'>tale</span> <span class='ocrx_word' id='word_1_21' title='bbox 1968 647 2167 731; x_wconf 50' lang='lat' dir='ltr'>quid?</span> <span class='ocrx_word' id='word_1_22' title='bbox 2226 648 2677 733; x_wconf 79' lang='lat' dir='ltr'>promulgare?</span> 
     </span>
     <span class='ocr_line' id='line_1_4' title="bbox 421 730 2677 819; baseline 0.001 -22"><span class='ocrx_word' id='word_1_23' title='bbox 421 731 642 797; x_wconf 89' lang='lat' dir='ltr'>Omnis</span> <span class='ocrx_word' id='word_1_24' title='bbox 716 731 860 796; x_wconf 86' lang='lat' dir='ltr'>laus</span> <span class='ocrx_word' id='word_1_25' title='bbox 927 731 995 795; x_wconf 90' lang='lat' dir='ltr'>in</span> <span class='ocrx_word' id='word_1_26' title='bbox 1055 730 1182 797; x_wconf 86' lang='lat' dir='ltr'>fine</span> <span class='ocrx_word' id='word_1_27' title='bbox 1252 732 1510 797; x_wconf 86' lang='lat' dir='ltr'>canitur</span> <span class='ocrx_word' id='word_1_28' title='bbox 1580 738 1645 799; x_wconf 90' lang='lat' dir='ltr'>et</span> <span class='ocrx_word' id='word_1_29' title='bbox 1704 731 1997 798; x_wconf 87' lang='lat' dir='ltr'>mortalis</span> <span class='ocrx_word' id='word_1_30' title='bbox 2056 735 2469 803; x_wconf 74' lang='lat' dir='ltr'>conversacio</span> <span class='ocrx_word' id='word_1_31' title='bbox 2530 736 2677 819; x_wconf 84' lang='lat' dir='ltr'>igne</span> 
     </span>
    </p>
   </div>
   <div class='ocr_carea' id='block_1_3' title="bbox 163 817 2447 1125">
    <p class='ocr_par' dir='ltr' id='par_1_3' title="bbox 163 817 2447 1125">
     <span class='ocr_line' id='line_1_5' title="bbox 417 817 820 902; baseline 0 -21"><span class='ocrx_word' id='word_1_32' title='bbox 417 817 746 901; x_wconf 82' lang='lat' dir='ltr'>probatur.</span> <span class='ocrx_word' id='word_1_33' title='bbox 761 818 820 902; x_wconf 84' lang='lat' dir='ltr'>*J</span> 
     </span>
     <span class='ocr_line' id='line_1_6' title="bbox 163 951 2292 1057; baseline 0.004 -43"><span class='ocrx_word' id='word_1_34' title='bbox 163 954 382 1057; x_wconf 45' lang='lat' dir='ltr'>&amp;gf-1⁸2}</span> <span class='ocrx_word' id='word_1_35' title='bbox 683 951 1056 1017; x_wconf 66' lang='lat' dir='ltr'>*Heinric&#39;us</span> <span class='ocrx_word' id='word_1_36' title='bbox 1102 952 1371 1033; x_wconf 76' lang='lat' dir='ltr'><strong>scandit,</strong></span> <span class='ocrx_word' id='word_1_37' title='bbox 1415 958 1756 1037; x_wconf 84' lang='lat' dir='ltr'><strong>postquam</strong></span> <span class='ocrx_word' id='word_1_38' title='bbox 1802 954 2079 1036; x_wconf 86' lang='lat' dir='ltr'>puerilia</span> <span class='ocrx_word' id='word_1_39' title='bbox 2122 956 2292 1035; x_wconf 87' lang='lat' dir='ltr'>vicit,</span> 
     </span>
     <span class='ocr_line' id='line_1_7' title="bbox 194 1034 2447 1125; baseline 0.004 -27"><span class='ocrx_word' id='word_1_40' title='bbox 194 1069 306 1098; x_wconf 63' lang='lat' dir='ltr'>mn.</span> <span class='ocrx_word' id='word_1_41' title='bbox 328 1034 396 1103; x_wconf 74' lang='lat' dir='ltr'>A.’</span> <span class='ocrx_word' id='word_1_42' title='bbox 677 1038 900 1103; x_wconf 83' lang='lat' dir='ltr'><strong>Ardua</strong></span> <span class='ocrx_word' id='word_1_43' title='bbox 942 1039 1253 1104; x_wconf 87' lang='lat' dir='ltr'>virtutum</span> <span class='ocrx_word' id='word_1_44' title='bbox 1299 1039 1552 1103; x_wconf 81' lang='lat' dir='ltr'>cretusb</span> <span class='ocrx_word' id='word_1_45' title='bbox 1598 1038 1677 1104; x_wconf 88' lang='lat' dir='ltr'>de</span> <span class='ocrx_word' id='word_1_46' title='bbox 1724 1046 2061 1105; x_wconf 77' lang='lat' dir='ltr'>stemmate</span> <span class='ocrx_word' id='word_1_47' title='bbox 2104 1062 2344 1125; x_wconf 88' lang='lat' dir='ltr'>regum.</span> <span class='ocrx_word' id='word_1_48' title='bbox 2442 1056 2447 1061; x_wconf 86' lang='grc'>·</span> 
     </span>
    </p>
   </div>
   <div class='ocr_carea' id='block_1_4' title="bbox 145 1123 2979 2755">
    <p class='ocr_par' dir='ltr' id='par_1_4' title="bbox 671 1123 2435 1295">
     <span class='ocr_line' id='line_1_8' title="bbox 671 1123 2435 1209; baseline 0.002 -20"><span class='ocrx_word' id='word_1_49' title='bbox 671 1124 841 1190; x_wconf 84' lang='lat' dir='ltr'><strong>Huic</strong></span> <span class='ocrx_word' id='word_1_50' title='bbox 883 1130 1074 1209; x_wconf 88' lang='lat' dir='ltr'>pater</span> <span class='ocrx_word' id='word_1_51' title='bbox 1119 1123 1460 1189; x_wconf 88' lang='lat' dir='ltr'>Heinricus</span> <span class='ocrx_word' id='word_1_52' title='bbox 1505 1124 1638 1189; x_wconf 85' lang='lat' dir='ltr'>dux</span> <span class='ocrx_word' id='word_1_53' title='bbox 1682 1130 1747 1189; x_wconf 91' lang='lat' dir='ltr'>et</span> <span class='ocrx_word' id='word_1_54' title='bbox 1789 1126 2065 1208; x_wconf 81' lang='lat' dir='ltr'>genitrix</span> <span class='ocrx_word' id='word_1_55' title='bbox 2112 1132 2253 1192; x_wconf 87' lang='lat' dir='ltr'>erat</span> <span class='ocrx_word' id='word_1_56' title='bbox 2298 1127 2435 1192; x_wconf 88' lang='lat' dir='ltr'>eius</span> 
     </span>
     <span class='ocr_line' id='line_1_9' title="bbox 673 1210 2206 1295; baseline 0.001 -20"><span class='ocrx_word' id='word_1_57' title='bbox 673 1210 872 1289; x_wconf 88' lang='lat' dir='ltr'>Gisla,</span> <span class='ocrx_word' id='word_1_58' title='bbox 919 1210 1054 1275; x_wconf 89' lang='lat' dir='ltr'>suis</span> <span class='ocrx_word' id='word_1_59' title='bbox 1097 1210 1347 1275; x_wconf 89' lang='lat' dir='ltr'>meritis</span> <span class='ocrx_word' id='word_1_60' title='bbox 1393 1231 1677 1294; x_wconf 87' lang='lat' dir='ltr'>aequans</span> <span class='ocrx_word' id='word_1_61' title='bbox 1722 1212 1992 1295; x_wconf 85' lang='lat' dir='ltr'>vestigia</span> <span class='ocrx_word' id='word_1_62' title='bbox 2035 1212 2206 1295; x_wconf 85' lang='lat' dir='ltr'>regis</span> 
     </span>
    </p>

    <p class='ocr_par' dir='ltr' id='par_1_5' title="bbox 447 1294 2499 1725">
     <span class='ocr_line' id='line_1_10' title="bbox 447 1294 2231 1380; baseline 0 -17"><span class='ocrx_word' id='word_1_63' title='bbox 447 1308 481 1363; x_wconf 84' lang='lat'>5</span> <span class='ocrx_word' id='word_1_64' title='bbox 673 1294 954 1361; x_wconf 87' lang='lat' dir='ltr'>Conradi</span> <span class='ocrx_word' id='word_1_65' title='bbox 998 1296 1222 1379; x_wconf 79' lang='lat' dir='ltr'>patrie,</span> <span class='ocrx_word' id='word_1_66' title='bbox 1267 1294 1645 1379; x_wconf 85' lang='lat' dir='ltr'>Burgundia</span> <span class='ocrx_word' id='word_1_67' title='bbox 1688 1318 1891 1380; x_wconf 87' lang='lat' dir='ltr'>regna</span> <span class='ocrx_word' id='word_1_68' title='bbox 1934 1299 2231 1363; x_wconf 85' lang='lat' dir='ltr'>tenentis.</span> 
     </span>
     <span class='ocr_line' id='line_1_11' title="bbox 671 1380 2462 1465; baseline 0.001 -20"><span class='ocrx_word' id='word_1_69' title='bbox 671 1380 896 1446; x_wconf 87' lang='lat' dir='ltr'>Nutrit</span> <span class='ocrx_word' id='word_1_70' title='bbox 937 1382 1300 1464; x_wconf 90' lang='lat' dir='ltr'>preclarum</span> <span class='ocrx_word' id='word_1_71' title='bbox 1345 1381 1763 1465; x_wconf 83' lang='lat' dir='ltr'>Wolfga&#39;ngus</span> <span class='ocrx_word' id='word_1_72' title='bbox 1806 1382 2067 1465; x_wconf 90' lang='lat' dir='ltr'>presull</span> <span class='ocrx_word' id='word_1_73' title='bbox 2112 1383 2462 1463; x_wconf 85' lang='lat' dir='ltr'>alumnum,</span> 
     </span>
     <span class='ocr_line' id='line_1_12' title="bbox 672 1466 2456 1551; baseline 0.002 -19"><span class='ocrx_word' id='word_1_74' title='bbox 672 1466 795 1545; x_wconf 84' lang='lat' dir='ltr'>Qui</span> <span class='ocrx_word' id='word_1_75' title='bbox 841 1469 1132 1551; x_wconf 88' lang='lat' dir='ltr'>sequitur</span> <span class='ocrx_word' id='word_1_76' title='bbox 1174 1467 1502 1534; x_wconf 90' lang='lat' dir='ltr'>dominum</span> <span class='ocrx_word' id='word_1_77' title='bbox 1547 1474 1685 1532; x_wconf 90' lang='lat' dir='ltr'>toto</span> <span class='ocrx_word' id='word_1_78' title='bbox 1730 1470 2063 1533; x_wconf 86' lang='lat' dir='ltr'>conamine</span> <span class='ocrx_word' id='word_1_79' title='bbox 2108 1468 2456 1535; x_wconf 87' lang='lat' dir='ltr'>Christum.</span> 
     </span>
     <span class='ocr_line' id='line_1_13' title="bbox 668 1552 2402 1636; baseline 0.002 -19"><span class='ocrx_word' id='word_1_80' title='bbox 668 1552 947 1636; x_wconf 86' lang='lat' dir='ltr'>Postque</span> <span class='ocrx_word' id='word_1_81' title='bbox 991 1574 1208 1618; x_wconf 82' lang='lat' dir='ltr'>necem</span> <span class='ocrx_word' id='word_1_82' title='bbox 1254 1553 1458 1636; x_wconf 89' lang='lat' dir='ltr'>patris</span> <span class='ocrx_word' id='word_1_83' title='bbox 1506 1552 1739 1619; x_wconf 87' lang='lat' dir='ltr'>ductor</span> <span class='ocrx_word' id='word_1_84' title='bbox 1782 1553 2135 1619; x_wconf 77' lang='lat' dir='ltr'>successit²</span> <span class='ocrx_word' id='word_1_85' title='bbox 2176 1554 2402 1620; x_wconf 88' lang='lat' dir='ltr'>herilis</span> 
     </span>
     <span class='ocr_line' id='line_1_14' title="bbox 667 1636 2499 1725; baseline 0.004 -24"><span class='ocrx_word' id='word_1_86' title='bbox 667 1636 826 1703; x_wconf 90' lang='lat' dir='ltr'>Eius</span> <span class='ocrx_word' id='word_1_87' title='bbox 873 1646 938 1704; x_wconf 88' lang='lat' dir='ltr'>et</span> <span class='ocrx_word' id='word_1_88' title='bbox 980 1640 1319 1724; x_wconf 88' lang='lat' dir='ltr'>imperium</span> <span class='ocrx_word' id='word_1_89' title='bbox 1364 1639 1548 1722; x_wconf 89' lang='lat' dir='ltr'>longe</span> <span class='ocrx_word' id='word_1_90' title='bbox 1596 1645 1848 1721; x_wconf 87' lang='lat' dir='ltr'>spectat</span> <span class='ocrx_word' id='word_1_91' title='bbox 1892 1660 2144 1725; x_wconf 91' lang='lat' dir='ltr'>quoque</span> <span class='ocrx_word' id='word_1_92' title='bbox 2190 1639 2499 1710; x_wconf 63' lang='lat' dir='ltr'>clavumss.</span> 
     </span>
    </p>

    <p class='ocr_par' dir='ltr' id='par_1_6' title="bbox 145 1722 2330 1809">
     <span class='ocr_line' id='line_1_15' title="bbox 145 1722 2330 1809; baseline 0.005 -29"><span class='ocrx_word' id='word_1_93' title='bbox 145 1741 170 1765; x_wconf 81' lang='lat'><strong>*</strong></span> <span class='ocrx_word' id='word_1_94' title='bbox 195 1753 310 1782; x_wconf 67' lang='lat' dir='ltr'>mn.</span> <span class='ocrx_word' id='word_1_95' title='bbox 333 1744 382 1783; x_wconf 71' lang='grc' dir='ltr'>α’.</span> <span class='ocrx_word' id='word_1_96' title='bbox 414 1734 480 1789; x_wconf 90' lang='grc'>10</span> <span class='ocrx_word' id='word_1_97' title='bbox 669 1722 1048 1809; x_wconf 69' lang='lat' dir='ltr'>*maximae</span> <span class='ocrx_word' id='word_1_98' title='bbox 1091 1746 1244 1809; x_wconf 85' lang='lat' dir='ltr'>pars</span> <span class='ocrx_word' id='word_1_99' title='bbox 1288 1725 1467 1809; x_wconf 88' lang='lat' dir='ltr'>regni</span> <span class='ocrx_word' id='word_1_100' title='bbox 1515 1724 1741 1789; x_wconf 85' lang='lat' dir='ltr'>Sclavo</span> <span class='ocrx_word' id='word_1_101' title='bbox 1786 1732 2036 1791; x_wconf 87' lang='lat' dir='ltr'>vastata</span> <span class='ocrx_word' id='word_1_102' title='bbox 2082 1724 2330 1791; x_wconf 90' lang='lat' dir='ltr'>crudeli</span> 
     </span>
    </p>

    <p class='ocr_par' dir='ltr' id='par_1_7' title="bbox 664 1808 2979 2149">
     <span class='ocr_line' id='line_1_16' title="bbox 669 1808 2372 1895; baseline 0.002 -23"><span class='ocrx_word' id='word_1_103' title='bbox 669 1810 942 1875; x_wconf 88' lang='lat' dir='ltr'>Multum</span> <span class='ocrx_word' id='word_1_104' title='bbox 989 1810 1304 1891; x_wconf 83' lang='lat' dir='ltr'>laetatur,</span> <span class='ocrx_word' id='word_1_105' title='bbox 1339 1810 1512 1894; x_wconf 89' lang='lat' dir='ltr'>quod</span> <span class='ocrx_word' id='word_1_106' title='bbox 1558 1810 1641 1874; x_wconf 90' lang='lat' dir='ltr'>ab</span> <span class='ocrx_word' id='word_1_107' title='bbox 1687 1808 1879 1875; x_wconf 90' lang='lat' dir='ltr'>huius</span> <span class='ocrx_word' id='word_1_108' title='bbox 1920 1832 2080 1895; x_wconf 87' lang='lat' dir='ltr'>pace</span> <span class='ocrx_word' id='word_1_109' title='bbox 2122 1813 2372 1895; x_wconf 90' lang='lat' dir='ltr'>potitur</span> 
     </span>
     <span class='ocr_line' id='line_1_17' title="bbox 671 1891 2979 1986; baseline 0.002 -26"><span class='ocrx_word' id='word_1_110' title='bbox 671 1894 929 1960; x_wconf 77' lang='lat' dir='ltr'>Sedibus</span> <span class='ocrx_word' id='word_1_111' title='bbox 973 1920 1008 1959; x_wconf 92' lang='lat' dir='ltr'>o</span> <span class='ocrx_word' id='word_1_112' title='bbox 1054 1899 1206 1961; x_wconf 74' lang='lat' dir='ltr'>tatis</span> <span class='ocrx_word' id='word_1_113' title='bbox 1253 1898 1548 1981; x_wconf 86' lang='lat' dir='ltr'>iustoque</span> <span class='ocrx_word' id='word_1_114' title='bbox 1562 1894 1611 1975; x_wconf 79' lang='lat'>4,</span> <span class='ocrx_word' id='word_1_115' title='bbox 1656 1896 2001 1980; x_wconf 77' lang='lat' dir='ltr'>rapacibus</span> <span class='ocrx_word' id='word_1_116' title='bbox 2046 1897 2239 1963; x_wconf 87' lang='lat' dir='ltr'>altis⁵</span> <span class='ocrx_word' id='word_1_117' title='bbox 2709 1891 2979 1986; x_wconf 51' lang='lat' dir='ltr'>Vg-‘fgssssn‘</span> 
     </span>
     <span class='ocr_line' id='line_1_18' title="bbox 664 1922 2934 2066; baseline 0.002 -21"><span class='ocrx_word' id='word_1_118' title='bbox 664 1980 939 2046; x_wconf 89' lang='lat' dir='ltr'>Prorsus</span> <span class='ocrx_word' id='word_1_119' title='bbox 985 1922 1271 2066; x_wconf 51' lang='lat' dir='ltr'>dzpulsis</span> <span class='ocrx_word' id='word_1_120' title='bbox 1315 2003 1392 2046; x_wconf 90' lang='lat' dir='ltr'>ac</span> <span class='ocrx_word' id='word_1_121' title='bbox 1439 1982 1581 2047; x_wconf 88' lang='lat' dir='ltr'>dira</span> <span class='ocrx_word' id='word_1_122' title='bbox 1624 1982 1761 2065; x_wconf 90' lang='lat' dir='ltr'>lege</span> <span class='ocrx_word' id='word_1_123' title='bbox 1806 1982 2066 2048; x_wconf 90' lang='lat' dir='ltr'>sedatis.</span> <span class='ocrx_word' id='word_1_124' title='bbox 2804 1972 2817 1994; x_wconf 79' lang='lat'>²</span> <span class='ocrx_word' id='word_1_125' title='bbox 2922 1974 2934 1986; x_wconf 75' lang='grc'><strong>’</strong></span> 
     </span>
     <span class='ocr_line' id='line_1_19' title="bbox 667 2065 2209 2149; baseline 0.003 -19"><span class='ocrx_word' id='word_1_126' title='bbox 667 2065 934 2131; x_wconf 88' lang='lat' dir='ltr'>Inflatos</span> <span class='ocrx_word' id='word_1_127' title='bbox 979 2088 1198 2133; x_wconf 91' lang='lat' dir='ltr'>omnes</span> <span class='ocrx_word' id='word_1_128' title='bbox 1243 2074 1465 2133; x_wconf 86' lang='lat' dir='ltr'>contra</span> <span class='ocrx_word' id='word_1_129' title='bbox 1512 2088 1581 2133; x_wconf 90' lang='lat' dir='ltr'>se</span> <span class='ocrx_word' id='word_1_130' title='bbox 1626 2067 1932 2149; x_wconf 87' lang='lat' dir='ltr'>deprimit</span> <span class='ocrx_word' id='word_1_131' title='bbox 1976 2069 2209 2147; x_wconf 77' lang='lat' dir='ltr'>hosteS,</span> 
     </span>
    </p>

    <p class='ocr_par' dir='ltr' id='par_1_8' title="bbox 409 2151 2283 2581">
     <span class='ocr_line' id='line_1_20' title="bbox 409 2151 2277 2220; baseline 0.003 -5"><span class='ocrx_word' id='word_1_132' title='bbox 409 2162 475 2217; x_wconf 82' lang='lat'>15</span> <span class='ocrx_word' id='word_1_133' title='bbox 665 2151 1050 2217; x_wconf 88' lang='lat' dir='ltr'>Demulcens</span> <span class='ocrx_word' id='word_1_134' title='bbox 1097 2154 1300 2219; x_wconf 92' lang='lat' dir='ltr'>socios</span> <span class='ocrx_word' id='word_1_135' title='bbox 1344 2152 1623 2218; x_wconf 82' lang='lat' dir='ltr'>iocunde</span> <span class='ocrx_word' id='word_1_136' title='bbox 1669 2152 1909 2219; x_wconf 88' lang='lat' dir='ltr'>famine</span> <span class='ocrx_word' id='word_1_137' title='bbox 1954 2154 2277 2220; x_wconf 57' lang='lat' dir='ltr'>cunctosd.</span> 
     </span>
     <span class='ocr_line' id='line_1_21' title="bbox 667 2237 2247 2323; baseline 0.002 -22"><span class='ocrx_word' id='word_1_138' title='bbox 667 2237 734 2302; x_wconf 87' lang='lat' dir='ltr'>Si</span> <span class='ocrx_word' id='word_1_139' title='bbox 779 2258 907 2323; x_wconf 91' lang='lat' dir='ltr'>quo</span> <span class='ocrx_word' id='word_1_140' title='bbox 953 2237 1226 2322; x_wconf 88' lang='lat' dir='ltr'>deliquit</span> <span class='ocrx_word' id='word_1_141' title='bbox 1267 2240 1609 2319; x_wconf 89' lang='lat' dir='ltr'>modicum,</span> <span class='ocrx_word' id='word_1_142' title='bbox 1656 2241 1877 2305; x_wconf 88' lang='lat' dir='ltr'>statim</span> <span class='ocrx_word' id='word_1_143' title='bbox 1921 2241 2247 2323; x_wconf 85' lang='lat' dir='ltr'>resipiscit</span> 
     </span>
     <span class='ocr_line' id='line_1_22' title="bbox 661 2324 2283 2407; baseline 0.004 -20"><span class='ocrx_word' id='word_1_144' title='bbox 661 2324 1004 2389; x_wconf 89' lang='lat' dir='ltr'>Fructibus</span> <span class='ocrx_word' id='word_1_145' title='bbox 1050 2346 1126 2390; x_wconf 91' lang='lat' dir='ltr'>ac</span> <span class='ocrx_word' id='word_1_146' title='bbox 1173 2325 1382 2407; x_wconf 86' lang='lat' dir='ltr'>dignis</span> <span class='ocrx_word' id='word_1_147' title='bbox 1427 2324 1701 2390; x_wconf 87' lang='lat' dir='ltr'>curabat</span> <span class='ocrx_word' id='word_1_148' title='bbox 1742 2326 2006 2391; x_wconf 86' lang='lat' dir='ltr'>vulnera</span> <span class='ocrx_word' id='word_1_149' title='bbox 2052 2326 2283 2393; x_wconf 78' lang='lat' dir='ltr'>carniS.</span> 
     </span>
     <span class='ocr_line' id='line_1_23' title="bbox 663 2408 2239 2495; baseline 0.002 -21"><span class='ocrx_word' id='word_1_150' title='bbox 663 2408 856 2475; x_wconf 90' lang='lat' dir='ltr'>Utilis</span> <span class='ocrx_word' id='word_1_151' title='bbox 901 2411 1249 2476; x_wconf 87' lang='lat' dir='ltr'>aecclesiae</span> <span class='ocrx_word' id='word_1_152' title='bbox 1295 2414 1545 2477; x_wconf 87' lang='lat' dir='ltr'>cunctis</span> <span class='ocrx_word' id='word_1_153' title='bbox 1590 2412 1938 2476; x_wconf 82' lang='lat' dir='ltr'>miseratur</span> <span class='ocrx_word' id='word_1_154' title='bbox 1983 2410 2239 2495; x_wconf 89' lang='lat' dir='ltr'>ubique.</span> 
     </span>
     <span class='ocr_line' id='line_1_24' title="bbox 663 2493 2231 2581; baseline 0.001 -21"><span class='ocrx_word' id='word_1_155' title='bbox 663 2493 1017 2581; x_wconf 87' lang='lat' dir='ltr'>Mersburg‚</span> <span class='ocrx_word' id='word_1_156' title='bbox 1066 2498 1121 2562; x_wconf 92' lang='lat' dir='ltr'>si</span> <span class='ocrx_word' id='word_1_157' title='bbox 1168 2498 1366 2564; x_wconf 88' lang='lat' dir='ltr'>scires</span> <span class='ocrx_word' id='word_1_158' title='bbox 1412 2495 1607 2563; x_wconf 89' lang='lat' dir='ltr'>huius</span> <span class='ocrx_word' id='word_1_159' title='bbox 1650 2497 1760 2581; x_wconf 88' lang='lat' dir='ltr'>pia</span> <span class='ocrx_word' id='word_1_160' title='bbox 1806 2504 1970 2577; x_wconf 87' lang='lat' dir='ltr'>vota,</span> <span class='ocrx_word' id='word_1_161' title='bbox 2016 2498 2231 2563; x_wconf 88' lang='lat' dir='ltr'>sitires</span> 
     </span>
    </p>

    <p class='ocr_par' dir='ltr' id='par_1_9' title="bbox 404 2582 2433 2755">
     <span class='ocr_line' id='line_1_25' title="bbox 404 2582 2213 2649; baseline 0.002 -3"><span class='ocrx_word' id='word_1_162' title='bbox 404 2594 473 2647; x_wconf 80' lang='lat'>20</span> <span class='ocrx_word' id='word_1_163' title='bbox 663 2583 1022 2648; x_wconf 86' lang='lat' dir='ltr'>Adventum</span> <span class='ocrx_word' id='word_1_164' title='bbox 1065 2585 1233 2648; x_wconf 88' lang='lat' dir='ltr'>tanti</span> <span class='ocrx_word' id='word_1_165' title='bbox 1279 2585 1544 2649; x_wconf 88' lang='lat' dir='ltr'>rectoris</span> <span class='ocrx_word' id='word_1_166' title='bbox 1592 2591 1657 2648; x_wconf 87' lang='lat' dir='ltr'>et</span> <span class='ocrx_word' id='word_1_167' title='bbox 1699 2583 1925 2648; x_wconf 89' lang='lat' dir='ltr'>inclita</span> <span class='ocrx_word' id='word_1_168' title='bbox 1972 2582 2213 2649; x_wconf 85' lang='lat' dir='ltr'>Christi</span> 
     </span>
     <span class='ocr_line' id='line_1_26' title="bbox 662 2668 2433 2755; baseline 0.004 -25"><span class='ocrx_word' id='word_1_169' title='bbox 662 2668 931 2734; x_wconf 87' lang='lat' dir='ltr'>Munera</span> <span class='ocrx_word' id='word_1_170' title='bbox 975 2670 1276 2734; x_wconf 88' lang='lat' dir='ltr'>laudares</span> <span class='ocrx_word' id='word_1_171' title='bbox 1323 2669 1765 2754; x_wconf 85' lang='lat' dir='ltr'>condignaque</span> <span class='ocrx_word' id='word_1_172' title='bbox 1810 2670 2055 2754; x_wconf 87' lang='lat' dir='ltr'>premia</span> <span class='ocrx_word' id='word_1_173' title='bbox 2100 2669 2433 2755; x_wconf 76' lang='lat' dir='ltr'>ferres.]**</span> 
     </span>
    </p>
   </div>
   <div class='ocr_carea' id='block_1_5' title="bbox 1284 2855 1787 2928">
    <p class='ocr_par' dir='ltr' id='par_1_10' title="bbox 1284 2855 1787 2928">
     <span class='ocr_line' id='line_1_27' title="bbox 1284 2855 1787 2928; baseline 0.004 -6"><span class='ocrx_word' id='word_1_174' title='bbox 1284 2855 1651 2928; x_wconf 88' lang='lat' dir='ltr'><strong>LIBER</strong></span> <span class='ocrx_word' id='word_1_175' title='bbox 1712 2857 1787 2924; x_wconf 88' lang='lat' dir='ltr'>V.</span> 
     </span>
    </p>
   </div>
   <div class='ocr_carea' id='block_1_6' title="bbox 163 2975 2668 3068">
    <p class='ocr_par' dir='ltr' id='par_1_11' title="bbox 163 2975 2668 3068">
     <span class='ocr_line' id='line_1_28' title="bbox 163 2975 2668 3068; baseline -0.002 -23"><span class='ocrx_word' id='word_1_176' title='bbox 163 2975 383 3068; x_wconf 41' lang='lat'>*34⁸2</span> <span class='ocrx_word' id='word_1_177' title='bbox 583 2979 637 3043; x_wconf 89' lang='lat'>1.</span> <span class='ocrx_word' id='word_1_178' title='bbox 685 2976 805 3062; x_wconf 90' lang='lat'>(1.)</span> <span class='ocrx_word' id='word_1_179' title='bbox 867 2976 1276 3060; x_wconf 84' lang='lat' dir='ltr'>-*Largifluus</span> <span class='ocrx_word' id='word_1_180' title='bbox 1322 2976 1579 3042; x_wconf 72' lang='lat' dir='ltr'>divinae</span> <span class='ocrx_word' id='word_1_181' title='bbox 1620 2978 1885 3062; x_wconf 83' lang='lat' dir='ltr'>pietatis</span> <span class='ocrx_word' id='word_1_182' title='bbox 1936 2983 2293 3060; x_wconf 76' lang='lat' dir='ltr'>respectuS,</span> <span class='ocrx_word' id='word_1_183' title='bbox 2348 2976 2668 3042; x_wconf 83' lang='lat' dir='ltr'>humanae</span> 
     </span>
    </p>
   </div>
   <div class='ocr_carea' id='block_1_7' title="bbox 403 3062 2972 3578">
    <p class='ocr_par' dir='ltr' id='par_1_12' title="bbox 403 3062 2972 3578">
     <span class='ocr_line' id='line_1_29' title="bbox 404 3062 2667 3139; baseline 0.001 -14"><span class='ocrx_word' id='word_1_184' title='bbox 404 3062 768 3126; x_wconf 85' lang='lat' dir='ltr'>necessitati</span> <span class='ocrx_word' id='word_1_185' title='bbox 825 3083 951 3127; x_wconf 89' lang='lat' dir='ltr'>non</span> <span class='ocrx_word' id='word_1_186' title='bbox 996 3065 1203 3128; x_wconf 90' lang='lat' dir='ltr'>nostri</span> <span class='ocrx_word' id='word_1_187' title='bbox 1245 3065 1496 3139; x_wconf 81' lang='lat' dir='ltr'>merito,</span> <span class='ocrx_word' id='word_1_188' title='bbox 1554 3064 1667 3128; x_wconf 92' lang='lat' dir='ltr'>sed</span> <span class='ocrx_word' id='word_1_189' title='bbox 1711 3085 1869 3128; x_wconf 89' lang='lat' dir='ltr'>suae</span> <span class='ocrx_word' id='word_1_190' title='bbox 1912 3063 2353 3128; x_wconf 84' lang='lat' dir='ltr'>miserationis</span> <span class='ocrx_word' id='word_1_191' title='bbox 2404 3083 2667 3128; x_wconf 86' lang='lat' dir='ltr'>munere</span> 
     </span>
     <span class='ocr_line' id='line_1_30' title="bbox 404 3147 2668 3232; baseline 0.001 -22"><span class='ocrx_word' id='word_1_192' title='bbox 404 3147 686 3230; x_wconf 87' lang='lat' dir='ltr'>gratuito</span> <span class='ocrx_word' id='word_1_193' title='bbox 741 3148 1347 3232; x_wconf 84' lang='lat' dir='ltr'>superhabundans,</span> <span class='ocrx_word' id='word_1_194' title='bbox 1409 3148 1697 3215; x_wconf 88' lang='lat' dir='ltr'>fidelium</span> <span class='ocrx_word' id='word_1_195' title='bbox 1752 3149 1949 3214; x_wconf 88' lang='lat' dir='ltr'>corda</span> <span class='ocrx_word' id='word_1_196' title='bbox 2000 3168 2263 3214; x_wconf 86' lang='lat' dir='ltr'>suorum</span> <span class='ocrx_word' id='word_1_197' title='bbox 2315 3147 2401 3214; x_wconf 86' lang='lat' dir='ltr'>ad</span> <span class='ocrx_word' id='word_1_198' title='bbox 2457 3148 2668 3214; x_wconf 87' lang='lat' dir='ltr'>laudis</span> 
     </span>
     <span class='ocr_line' id='line_1_31' title="bbox 404 3234 2666 3318; baseline 0.001 -21"><span class='ocrx_word' id='word_1_199' title='bbox 404 3251 689 3298; x_wconf 83' lang='lat' dir='ltr'>amorem</span> <span class='ocrx_word' id='word_1_200' title='bbox 745 3255 902 3298; x_wconf 84' lang='lat' dir='ltr'>suae</span> <span class='ocrx_word' id='word_1_201' title='bbox 960 3241 1024 3300; x_wconf 85' lang='lat' dir='ltr'>et</span> <span class='ocrx_word' id='word_1_202' title='bbox 1079 3235 1164 3298; x_wconf 90' lang='lat' dir='ltr'>ad</span> <span class='ocrx_word' id='word_1_203' title='bbox 1219 3235 1593 3300; x_wconf 88' lang='lat' dir='ltr'>referendas</span> <span class='ocrx_word' id='word_1_204' title='bbox 1646 3234 1707 3300; x_wconf 91' lang='lat' dir='ltr'>ei</span> <span class='ocrx_word' id='word_1_205' title='bbox 1732 3251 1737 3256; x_wconf 78' lang='grc'><em>’</em></span> <span class='ocrx_word' id='word_1_206' title='bbox 1760 3241 1977 3318; x_wconf 85' lang='lat' dir='ltr'>grates</span> <span class='ocrx_word' id='word_1_207' title='bbox 2043 3234 2339 3300; x_wconf 88' lang='lat' dir='ltr'>accendit</span> <span class='ocrx_word' id='word_1_208' title='bbox 2403 3255 2479 3299; x_wconf 88' lang='lat' dir='ltr'>ac</span> <span class='ocrx_word' id='word_1_209' title='bbox 2546 3255 2666 3311; x_wconf 88' lang='lat' dir='ltr'>me,</span> 
     </span>
     <span class='ocr_line' id='line_1_32' title="bbox 405 3317 2669 3404; baseline 0.001 -22"><span class='ocrx_word' id='word_1_210' title='bbox 405 3317 676 3383; x_wconf 86' lang='lat' dir='ltr'>stultum</span> <span class='ocrx_word' id='word_1_211' title='bbox 737 3321 1023 3403; x_wconf 82' lang='lat' dir='ltr'>ingenie,</span> <span class='ocrx_word' id='word_1_212' title='bbox 1089 3320 1486 3404; x_wconf 87' lang='lat' dir='ltr'>prepeditum</span> <span class='ocrx_word' id='word_1_213' title='bbox 1550 3321 1803 3404; x_wconf 91' lang='lat' dir='ltr'>eloquio</span> <span class='ocrx_word' id='word_1_214' title='bbox 1857 3342 1935 3386; x_wconf 88' lang='lat' dir='ltr'>ac</span> <span class='ocrx_word' id='word_1_215' title='bbox 1985 3320 2056 3385; x_wconf 91' lang='lat' dir='ltr'>in</span> <span class='ocrx_word' id='word_1_216' title='bbox 2106 3321 2401 3387; x_wconf 89' lang='lat' dir='ltr'>omnibus</span> <span class='ocrx_word' id='word_1_217' title='bbox 2454 3320 2669 3403; x_wconf 83' lang='lat' dir='ltr'>negle-</span> 
     </span>
     <span class='ocr_line' id='line_1_33' title="bbox 403 3405 2763 3489; baseline 0.001 -21"><span class='ocrx_word' id='word_1_218' title='bbox 403 3411 692 3488; x_wconf 64' lang='lat' dir='ltr'>gentem</span> <span class='ocrx_word' id='word_1_219' title='bbox 735 3411 800 3470; x_wconf 90' lang='lat' dir='ltr'>et</span> <span class='ocrx_word' id='word_1_220' title='bbox 841 3407 1034 3472; x_wconf 87' lang='lat' dir='ltr'>nimis</span> <span class='ocrx_word' id='word_1_221' title='bbox 1079 3409 1390 3485; x_wconf 87' lang='lat' dir='ltr'>ociosum,</span> <span class='ocrx_word' id='word_1_222' title='bbox 1445 3406 1678 3472; x_wconf 72' lang='lat' dir='ltr'>bonosf</span> <span class='ocrx_word' id='word_1_223' title='bbox 1718 3407 1787 3470; x_wconf 91' lang='lat' dir='ltr'>in</span> <span class='ocrx_word' id='word_1_224' title='bbox 1847 3407 1971 3472; x_wconf 90' lang='lat' dir='ltr'>hoc</span> <span class='ocrx_word' id='word_1_225' title='bbox 2022 3407 2265 3471; x_wconf 88' lang='lat' dir='ltr'>imitari</span> <span class='ocrx_word' id='word_1_226' title='bbox 2318 3405 2665 3489; x_wconf 89' lang='lat' dir='ltr'>compellit.</span> <span class='ocrx_word' id='word_1_227' title='bbox 2760 3411 2763 3416; x_wconf 83' lang='grc'><strong>’</strong></span> 
     </span>
     <span class='ocr_line' id='line_1_34' title="bbox 403 3491 2972 3578; baseline -0 -25"><span class='ocrx_word' id='word_1_228' title='bbox 403 3491 718 3578; x_wconf 65' lang='lat' dir='ltr'>Maqnusss</span> <span class='ocrx_word' id='word_1_229' title='bbox 751 3501 840 3555; x_wconf 74' lang='lat' dir='ltr'>est</span> <span class='ocrx_word' id='word_1_230' title='bbox 871 3495 1036 3556; x_wconf 79' lang='lat' dir='ltr'>enim</span> <span class='ocrx_word' id='word_1_231' title='bbox 1071 3493 1265 3572; x_wconf 70' lang='lat' dir='ltr'>Deus,</span> <span class='ocrx_word' id='word_1_232' title='bbox 1307 3498 1384 3557; x_wconf 84' lang='lat' dir='ltr'>ut</span> <span class='ocrx_word' id='word_1_233' title='bbox 1418 3492 1617 3557; x_wconf 85' lang='lat' dir='ltr'>Davit</span> <span class='ocrx_word' id='word_1_234' title='bbox 1648 3498 1943 3572; x_wconf 82' lang='lat' dir='ltr'>testatur,</span> <span class='ocrx_word' id='word_1_235' title='bbox 1978 3503 2039 3558; x_wconf 75' lang='lat' dir='ltr'>et</span> <span class='ocrx_word' id='word_1_236' title='bbox 2072 3492 2418 3556; x_wconf 77' lang='lat' dir='ltr'>laudabilis</span> <span class='ocrx_word' id='word_1_237' title='bbox 2448 3492 2667 3572; x_wconf 74' lang='lat' dir='ltr'>valde;</span> <span class='ocrx_word' id='word_1_238' title='bbox 2692 3512 2972 3562; x_wconf 51' lang='lat' dir='ltr'>Palmam.</span> 
     </span>
    </p>
   </div>
   <div class='ocr_carea' id='block_1_8' title="bbox 481 3629 2665 4044">
    <p class='ocr_par' dir='ltr' id='par_1_13' title="bbox 481 3629 2665 4044">
     <span class='ocr_line' id='line_1_35' title="bbox 517 3629 2665 3700; baseline 0.001 -16"><span class='ocrx_word' id='word_1_239' title='bbox 517 3629 573 3694; x_wconf 65' lang='lat'>³⁸)</span> <span class='ocrx_word' id='word_1_240' title='bbox 611 3631 684 3684; x_wconf 84' lang='lat' dir='ltr'>In</span> <span class='ocrx_word' id='word_1_241' title='bbox 732 3631 838 3685; x_wconf 80' lang='lat' dir='ltr'>hac</span> <span class='ocrx_word' id='word_1_242' title='bbox 872 3631 1110 3700; x_wconf 63' lang='lat' dir='ltr'>pagina,</span> <span class='ocrx_word' id='word_1_243' title='bbox 1173 3630 1334 3686; x_wconf 79' lang='lat' dir='ltr'>cuius</span> <span class='ocrx_word' id='word_1_244' title='bbox 1378 3631 1611 3684; x_wconf 77' lang='lat' dir='ltr'>dimidia</span> <span class='ocrx_word' id='word_1_245' title='bbox 1647 3646 1786 3700; x_wconf 78' lang='lat' dir='ltr'>pars</span> <span class='ocrx_word' id='word_1_246' title='bbox 1833 3630 2063 3696; x_wconf 77' lang='lat' dir='ltr'>inferior</span> <span class='ocrx_word' id='word_1_247' title='bbox 2112 3645 2290 3684; x_wconf 81' lang='lat' dir='ltr'>vacua</span> <span class='ocrx_word' id='word_1_248' title='bbox 2335 3631 2521 3684; x_wconf 78' lang='lat' dir='ltr'>relicta</span> <span class='ocrx_word' id='word_1_249' title='bbox 2569 3637 2665 3696; x_wconf 74' lang='lat' dir='ltr'>est,</span> 
     </span>
     <span class='ocr_line' id='line_1_36' title="bbox 609 3699 2665 3768; baseline 0 -16"><span class='ocrx_word' id='word_1_250' title='bbox 609 3716 809 3754; x_wconf 78' lang='lat' dir='ltr'>manus</span> <span class='ocrx_word' id='word_1_251' title='bbox 862 3701 1048 3768; x_wconf 77' lang='lat' dir='ltr'>aliqua</span> <span class='ocrx_word' id='word_1_252' title='bbox 1094 3700 1364 3768; x_wconf 78' lang='lat' dir='ltr'>posterior</span> <span class='ocrx_word' id='word_1_253' title='bbox 1417 3715 1460 3754; x_wconf 79' lang='lat' dir='ltr'>s.</span> <span class='ocrx_word' id='word_1_254' title='bbox 1509 3701 1618 3754; x_wconf 86' lang='lat' dir='ltr'>XI.</span> <span class='ocrx_word' id='word_1_255' title='bbox 1671 3717 1708 3755; x_wconf 86' lang='lat' dir='ltr'>a</span> <span class='ocrx_word' id='word_1_256' title='bbox 1762 3700 1949 3754; x_wconf 80' lang='lat' dir='ltr'>ceteris</span> <span class='ocrx_word' id='word_1_257' title='bbox 2002 3699 2268 3764; x_wconf 79' lang='lat' dir='ltr'>omnibus,</span> <span class='ocrx_word' id='word_1_258' title='bbox 2322 3705 2389 3752; x_wconf 80' lang='lat' dir='ltr'>ut</span> <span class='ocrx_word' id='word_1_259' title='bbox 2435 3699 2665 3765; x_wconf 78' lang='lat' dir='ltr'>videtur,</span> 
     </span>
     <span class='ocr_line' id='line_1_37' title="bbox 609 3766 2661 3836; baseline -0 -14"><span class='ocrx_word' id='word_1_260' title='bbox 609 3768 825 3823; x_wconf 81' lang='lat' dir='ltr'>diversa</span> <span class='ocrx_word' id='word_1_261' title='bbox 868 3769 1003 3823; x_wconf 80' lang='lat' dir='ltr'>haec</span> <span class='ocrx_word' id='word_1_262' title='bbox 1051 3769 1269 3832; x_wconf 81' lang='lat' dir='ltr'>adiecit,</span> <span class='ocrx_word' id='word_1_263' title='bbox 1312 3785 1452 3836; x_wconf 79' lang='lat' dir='ltr'>quae</span> <span class='ocrx_word' id='word_1_264' title='bbox 1493 3774 1683 3836; x_wconf 76' lang='lat' dir='ltr'>postea</span> <span class='ocrx_word' id='word_1_265' title='bbox 1729 3784 1892 3822; x_wconf 75' lang='lat' dir='ltr'>erasa</span> <span class='ocrx_word' id='word_1_266' title='bbox 1934 3773 2092 3822; x_wconf 79' lang='lat' dir='ltr'>sunt.-</span> <span class='ocrx_word' id='word_1_267' title='bbox 2149 3767 2320 3836; x_wconf 87' lang='lat' dir='ltr'>Uirgo</span> <span class='ocrx_word' id='word_1_268' title='bbox 2355 3766 2661 3836; x_wconf 85' lang='lat' dir='ltr'>singularis,</span> 
     </span>
     <span class='ocr_line' id='line_1_38' title="bbox 609 3835 2365 3905; baseline -0.001 -15"><span class='ocrx_word' id='word_1_269' title='bbox 609 3837 752 3890; x_wconf 86' lang='lat' dir='ltr'>inter</span> <span class='ocrx_word' id='word_1_270' title='bbox 787 3853 966 3891; x_wconf 90' lang='lat' dir='ltr'>omnes</span> <span class='ocrx_word' id='word_1_271' title='bbox 999 3837 1168 3900; x_wconf 87' lang='lat' dir='ltr'>mitis,</span> <span class='ocrx_word' id='word_1_272' title='bbox 1203 3853 1297 3891; x_wconf 89' lang='lat' dir='ltr'>nos</span> <span class='ocrx_word' id='word_1_273' title='bbox 1335 3837 1504 3905; x_wconf 87' lang='lat' dir='ltr'>culpis</span> <span class='ocrx_word' id='word_1_274' title='bbox 1539 3835 1739 3890; x_wconf 89' lang='lat' dir='ltr'>solutos</span> <span class='ocrx_word' id='word_1_275' title='bbox 1774 3836 1935 3890; x_wconf 90' lang='lat' dir='ltr'>mites</span> <span class='ocrx_word' id='word_1_276' title='bbox 1970 3835 2055 3889; x_wconf 86' lang='lat' dir='ltr'>fac</span> <span class='ocrx_word' id='word_1_277' title='bbox 2092 3839 2149 3889; x_wconf 89' lang='lat' dir='ltr'>et</span> <span class='ocrx_word' id='word_1_278' title='bbox 2182 3836 2365 3890; x_wconf 89' lang='lat' dir='ltr'>iustos.</span> 
     </span>
     <span class='ocr_line' id='line_1_39' title="bbox 712 3904 1792 3975; baseline 0 -16"><span class='ocrx_word' id='word_1_279' title='bbox 712 3904 915 3972; x_wconf 85' lang='lat' dir='ltr'>Incipit</span> <span class='ocrx_word' id='word_1_280' title='bbox 949 3905 1199 3975; x_wconf 87' lang='lat' dir='ltr'>prologus</span> <span class='ocrx_word' id='word_1_281' title='bbox 1235 3904 1330 3960; x_wconf 86' lang='lat' dir='ltr'>lib.</span> <span class='ocrx_word' id='word_1_282' title='bbox 1368 3906 1547 3975; x_wconf 89' lang='lat' dir='ltr'>quinti</span> <span class='ocrx_word' id='word_1_283' title='bbox 1584 3907 1712 3960; x_wconf 81' lang='lat' dir='ltr'>add.</span> <span class='ocrx_word' id='word_1_284' title='bbox 1741 3905 1792 3959; x_wconf 82' lang='lat'>2.</span> 
     </span>
     <span class='ocr_line' id='line_1_40' title="bbox 481 3971 1195 4044; baseline 0.001 -17"><span class='ocrx_word' id='word_1_285' title='bbox 481 3971 576 4040; x_wconf 82' lang='grc'>**)</span> <span class='ocrx_word' id='word_1_286' title='bbox 610 3973 720 4030; x_wconf 89' lang='lat' dir='ltr'>Inc.</span> <span class='ocrx_word' id='word_1_287' title='bbox 757 3974 854 4029; x_wconf 86' lang='lat' dir='ltr'>lib.</span> <span class='ocrx_word' id='word_1_288' title='bbox 891 3974 1109 4044; x_wconf 85' lang='lat' dir='ltr'>quintus</span> <span class='ocrx_word' id='word_1_289' title='bbox 1144 3978 1195 4029; x_wconf 82' lang='lat'>2.</span> 
     </span>
    </p>
   </div>
   <div class='ocr_carea' id='block_1_9' title="bbox 405 4091 2667 4247">
    <p class='ocr_par' dir='ltr' id='par_1_14' title="bbox 405 4091 2667 4247">
     <span class='ocr_line' id='line_1_41' title="bbox 405 4091 2667 4146; baseline 0.002 -16"><span class='ocrx_word' id='word_1_290' title='bbox 405 4091 448 4142; x_wconf 72' lang='grc' dir='ltr'>ι)</span> <span class='ocrx_word' id='word_1_291' title='bbox 488 4091 547 4141; x_wconf 63' lang='lat' dir='ltr'>qd</span> <span class='ocrx_word' id='word_1_292' title='bbox 563 4095 601 4132; x_wconf 85' lang='lat'>1.</span> <span class='ocrx_word' id='word_1_293' title='bbox 707 4093 755 4134; x_wconf 72' lang='lat' dir='ltr'>bl</span> <span class='ocrx_word' id='word_1_294' title='bbox 793 4097 924 4134; x_wconf 72' lang='lat' dir='ltr'>natus</span> <span class='ocrx_word' id='word_1_295' title='bbox 962 4095 1007 4132; x_wconf 85' lang='lat' dir='ltr'>V.</span> <span class='ocrx_word' id='word_1_296' title='bbox 1112 4093 1155 4143; x_wconf 84' lang='lat' dir='ltr'>c)</span> <span class='ocrx_word' id='word_1_297' title='bbox 1194 4104 1338 4133; x_wconf 70' lang='lat' dir='ltr'>verm</span> <span class='ocrx_word' id='word_1_298' title='bbox 1363 4096 1458 4145; x_wconf 70' lang='lat' dir='ltr'>troc,</span> <span class='ocrx_word' id='word_1_299' title='bbox 1486 4094 1563 4142; x_wconf 81' lang='lat' dir='ltr'>qui</span> <span class='ocrx_word' id='word_1_300' title='bbox 1580 4093 1769 4144; x_wconf 69' lang='lat' dir='ltr'>pmimi</span> <span class='ocrx_word' id='word_1_301' title='bbox 1794 4095 2042 4143; x_wconf 68' lang='lat' dir='ltr'>sequuntur,</span> <span class='ocrx_word' id='word_1_302' title='bbox 2066 4093 2113 4132; x_wconf 73' lang='lat' dir='ltr'>in</span> <span class='ocrx_word' id='word_1_303' title='bbox 2138 4103 2293 4134; x_wconf 69' lang='lat' dir='ltr'>rasura</span> <span class='ocrx_word' id='word_1_304' title='bbox 2318 4095 2527 4146; x_wconf 58' lang='lat' dir='ltr'>leguntur,</span> <span class='ocrx_word' id='word_1_305' title='bbox 2552 4093 2667 4134; x_wconf 74' lang='lat' dir='ltr'>unde</span> 
     </span>
     <span class='ocr_line' id='line_1_42' title="bbox 405 4143 2666 4197; baseline 0.002 -16"><span class='ocrx_word' id='word_1_306' title='bbox 405 4149 580 4192; x_wconf 78' lang='lat' dir='ltr'>apparet</span> <span class='ocrx_word' id='word_1_307' title='bbox 595 4143 696 4184; x_wconf 77' lang='lat' dir='ltr'>haec</span> <span class='ocrx_word' id='word_1_308' title='bbox 713 4156 798 4185; x_wconf 72' lang='lat' dir='ltr'>esse</span> <span class='ocrx_word' id='word_1_309' title='bbox 809 4149 952 4194; x_wconf 70' lang='lat' dir='ltr'>postea</span> <span class='ocrx_word' id='word_1_310' title='bbox 973 4145 1142 4185; x_wconf 70' lang='lat' dir='ltr'>imre«.</span> <span class='ocrx_word' id='word_1_311' title='bbox 1259 4145 1305 4193; x_wconf 86' lang='lat' dir='ltr'>d)</span> <span class='ocrx_word' id='word_1_312' title='bbox 1331 4149 1485 4184; x_wconf 81' lang='lat' dir='ltr'>cuntes</span> <span class='ocrx_word' id='word_1_313' title='bbox 1500 4146 1635 4193; x_wconf 78' lang='lat' dir='ltr'>primo</span> <span class='ocrx_word' id='word_1_314' title='bbox 1660 4145 1707 4193; x_wconf 80' lang='grc' dir='ltr'>Τ,</span> <span class='ocrx_word' id='word_1_315' title='bbox 1733 4143 1844 4192; x_wconf 80' lang='lat' dir='ltr'>quod</span> <span class='ocrx_word' id='word_1_316' title='bbox 1871 4145 1959 4191; x_wconf 72' lang='lat' dir='ltr'>ipse</span> <span class='ocrx_word' id='word_1_317' title='bbox 1986 4145 2177 4184; x_wconf 68' lang='lat' dir='ltr'>correxit.</span> <span class='ocrx_word' id='word_1_318' title='bbox 2298 4145 2341 4197; x_wconf 90' lang='lat' dir='ltr'>e)</span> <span class='ocrx_word' id='word_1_319' title='bbox 2366 4145 2666 4195; x_wconf 78' lang='lat' dir='ltr'>negligentem</span> 
     </span>
     <span class='ocr_line' id='line_1_43' title="bbox 405 4195 2107 4247; baseline 0.002 -14"><span class='ocrx_word' id='word_1_320' title='bbox 405 4195 596 4234; x_wconf 74' lang='lat' dir='ltr'>radendo</span> <span class='ocrx_word' id='word_1_321' title='bbox 619 4198 712 4246; x_wconf 61' lang='grc' dir='ltr'>αἶρε</span> <span class='ocrx_word' id='word_1_322' title='bbox 738 4208 845 4236; x_wconf 84' lang='lat' dir='ltr'>corr.</span> <span class='ocrx_word' id='word_1_323' title='bbox 951 4197 990 4246; x_wconf 79' lang='lat' dir='ltr'>f)</span> <span class='ocrx_word' id='word_1_324' title='bbox 1015 4197 1144 4236; x_wconf 68' lang='lat' dir='ltr'>bonta</span> <span class='ocrx_word' id='word_1_325' title='bbox 1171 4196 1230 4244; x_wconf 76' lang='lat' dir='ltr'>A,</span> <span class='ocrx_word' id='word_1_326' title='bbox 1267 4207 1376 4236; x_wconf 76' lang='lat' dir='ltr'>corr.</span> <span class='ocrx_word' id='word_1_327' title='bbox 1394 4197 1442 4235; x_wconf 83' lang='grc' dir='ltr'>Τ.</span> <span class='ocrx_word' id='word_1_328' title='bbox 1549 4195 1597 4247; x_wconf 84' lang='lat' dir='ltr'>g)</span> <span class='ocrx_word' id='word_1_329' title='bbox 1622 4197 1827 4244; x_wconf 73' lang='lat' dir='ltr'>Magnum</span> <span class='ocrx_word' id='word_1_330' title='bbox 1846 4197 1897 4244; x_wconf 76' lang='lat' dir='ltr'>A,</span> <span class='ocrx_word' id='word_1_331' title='bbox 1923 4207 2034 4236; x_wconf 84' lang='lat' dir='ltr'>corr.</span> <span class='ocrx_word' id='word_1_332' title='bbox 2059 4197 2107 4236; x_wconf 73' lang='lat' dir='ltr'>T.</span> 
     </span>
    </p>
   </div>
   <div class='ocr_carea' id='block_1_10' title="bbox 404 4297 2667 4506">
    <p class='ocr_par' dir='ltr' id='par_1_15' title="bbox 404 4297 2667 4506">
     <span class='ocr_line' id='line_1_44' title="bbox 408 4297 2667 4365; baseline 0.003 -15"><span class='ocrx_word' id='word_1_333' title='bbox 408 4297 460 4361; x_wconf 87' lang='lat'>1)</span> <span class='ocrx_word' id='word_1_334' title='bbox 513 4299 927 4356; x_wconf 68' lang='lat' dir='ltr'>Ratisbonensis</span> <span class='ocrx_word' id='word_1_335' title='bbox 978 4302 1080 4356; x_wconf 76' lang='grc'>972</span> <span class='ocrx_word' id='word_1_336' title='bbox 1100 4327 1166 4338; x_wconf 91' lang='grc'>--</span> <span class='ocrx_word' id='word_1_337' title='bbox 1185 4301 1304 4356; x_wconf 81' lang='lat'>994.</span> <span class='ocrx_word' id='word_1_338' title='bbox 1461 4301 1514 4365; x_wconf 75' lang='lat'>2)</span> <span class='ocrx_word' id='word_1_339' title='bbox 1569 4301 1643 4353; x_wconf 80' lang='lat' dir='ltr'>In</span> <span class='ocrx_word' id='word_1_340' title='bbox 1698 4299 1905 4354; x_wconf 79' lang='lat' dir='ltr'>ducatu</span> <span class='ocrx_word' id='word_1_341' title='bbox 1958 4300 2242 4354; x_wconf 79' lang='lat' dir='ltr'>Bavariae</span> <span class='ocrx_word' id='word_1_342' title='bbox 2292 4318 2346 4354; x_wconf 86' lang='lat' dir='ltr'>a.</span> <span class='ocrx_word' id='word_1_343' title='bbox 2400 4300 2517 4358; x_wconf 83' lang='lat'>995.</span> <span class='ocrx_word' id='word_1_344' title='bbox 2600 4302 2667 4356; x_wconf 91' lang='lat' dir='ltr'>L.</span> 
     </span>
     <span class='ocr_line' id='line_1_45' title="bbox 405 4367 2664 4438; baseline 0.003 -18"><span class='ocrx_word' id='word_1_345' title='bbox 405 4367 460 4431; x_wconf 91' lang='lat'>3)</span> <span class='ocrx_word' id='word_1_346' title='bbox 509 4370 561 4422; x_wconf 93' lang='lat' dir='ltr'>I.</span> <span class='ocrx_word' id='word_1_347' title='bbox 599 4385 641 4422; x_wconf 85' lang='lat' dir='ltr'>e.</span> <span class='ocrx_word' id='word_1_348' title='bbox 676 4370 1108 4437; x_wconf 60' lang='lat' dir='ltr'>gubernaculum</span> <span class='ocrx_word' id='word_1_349' title='bbox 1140 4370 1310 4438; x_wconf 74' lang='lat' dir='ltr'>requi.</span> <span class='ocrx_word' id='word_1_350' title='bbox 1379 4371 1447 4422; x_wconf 90' lang='lat' dir='ltr'>L.</span> <span class='ocrx_word' id='word_1_351' title='bbox 1586 4369 1639 4433; x_wconf 84' lang='lat'>4)</span> <span class='ocrx_word' id='word_1_352' title='bbox 1692 4370 1744 4422; x_wconf 91' lang='lat' dir='ltr'>I.</span> <span class='ocrx_word' id='word_1_353' title='bbox 1780 4384 1823 4422; x_wconf 82' lang='lat' dir='ltr'>e.</span> <span class='ocrx_word' id='word_1_354' title='bbox 1860 4368 2091 4424; x_wconf 67' lang='lat' dir='ltr'>iustitia.</span> <span class='ocrx_word' id='word_1_355' title='bbox 2161 4371 2231 4424; x_wconf 93' lang='lat' dir='ltr'>L.</span> <span class='ocrx_word' id='word_1_356' title='bbox 2368 4371 2425 4435; x_wconf 83' lang='lat'>5)</span> <span class='ocrx_word' id='word_1_357' title='bbox 2474 4371 2664 4426; x_wconf 78' lang='lat' dir='ltr'>Homi-</span> 
     </span>
     <span class='ocr_line' id='line_1_46' title="bbox 404 4435 1425 4506; baseline 0.003 -18"><span class='ocrx_word' id='word_1_358' title='bbox 404 4435 570 4490; x_wconf 79' lang='lat' dir='ltr'>nibus</span> <span class='ocrx_word' id='word_1_359' title='bbox 604 4438 857 4504; x_wconf 77' lang='lat' dir='ltr'>superbis</span> <span class='ocrx_word' id='word_1_360' title='bbox 891 4445 944 4492; x_wconf 79' lang='lat' dir='ltr'>et</span> <span class='ocrx_word' id='word_1_361' title='bbox 974 4438 1288 4506; x_wconf 75' lang='lat' dir='ltr'>rapacibus.</span> <span class='ocrx_word' id='word_1_362' title='bbox 1357 4441 1425 4492; x_wconf 92' lang='lat' dir='ltr'>L.</span> 
     </span>
    </p>
   </div>
  </div>
 </body>
</html>
