3100 5050
128 749 151 772 *
176 751 265 800 soz.
288 747 391 791 182‘.

144 1856 165 1879 *
195 1868 313 1898 man.
336 1859 387 1897 T.

150 2433 171 2455 *
188 2435 272 2484 sol.
290 2436 365 2476 183

104 2496 214 2527 man.
233 2487 379 2527 dubia.

152 2791 311 2834 *mam
335 2796 380 2836 0.

914 408 1325 465 THIETMARI
1360 409 1626 466 CHRON.
1696 411 1838 464 LIB.
1871 410 1951 464 IX
1987 410 2186 476 (VIII).
2585 414 2686 468 247

418 561 547 626 sis⁸
590 561 929 640 sollicitus,
985 561 1075 626 Ut
1117 582 1243 626 non
1291 561 1702 645 disperdatur
1747 563 1974 629 clerus.
2075 563 2143 627 Si
2186 562 2528 644 diligenter
2569 568 2685 628 tua

418 645 722 724 custodis,
768 645 975 711 Deum
1012 647 1429 730 hominesque
1465 648 1606 729 pios
1642 646 1928 712 fautores
1955 647 2252 726 habebis;
2303 645 2418 712 Sin
2447 653 2684 727 autem,

420 736 486 795 et
528 730 819 796 subditos
865 730 1021 795 *tibi
1062 732 1279 814 perdis
1326 733 1409 796 Et
1460 734 1989 797 contrarietatem
2045 733 2112 796 in
2156 731 2280 796 hoc
2322 741 2684 816 presentem

418 836 494 880 ac
538 820 821 881 futuram
866 816 1213 881 contrahis.
1606 901 1620 914 ⁸

420 1007 543 1069 que
597 987 747 1052 utili
804 986 1094 1069 exemplo
1156 994 1627 1052 antecessorem
1686 988 1928 1051 tuumb.
2003 986 2307 1052 Libenter
2365 982 2686 1054 sustineas

415 1077 863 1155 paupertatem
908 1073 976 1136 in
1020 1079 1104 1150 te,
1163 1072 1251 1137 Ut
1294 1093 1448 1155 grex
1492 1078 1644 1136 tuus
1690 1071 1866 1137 dives
1907 1071 2025 1136 fiat
2066 1093 2182 1156 per
2223 1077 2316 1150 te3
2382 1072 2486 1136 Sic
2530 1072 2686 1137 fecit

418 1157 715 1222 Christus
750 1156 953 1236 nobis,
995 1157 1083 1222 Ut
1116 1156 1211 1221 ita
1246 1156 1605 1222 faceremus
1641 1157 1866 1222 ovibus
1900 1158 2056 1222 suis.
2066 1095 2273 1221 pNoli
2310 1157 2684 1223 erubescere

440 1241 520 1306 de
574 1240 720 1327 hac]
786 1262 999 1307 coram
1050 1242 1319 1326 popule,
1382 1242 1471 1307 Ut
1525 1241 1922 1307 fiducialiter
1973 1248 2151 1308 stare
2203 1242 2412 1325 possis
2467 1263 2682 1307 coram

478 1347 571 1390 ec.
645 1327 818 1392 Satis
855 1327 1169 1410 ingenuus
1198 1347 1351 1410 erga
1386 1327 1554 1390 hunc
1584 1327 1898 1392 mundum
1933 1325 2050 1406 fui,
2089 1326 2215 1392 Sed
2244 1347 2392 1424 sepe
2416 1335 2685 1411 propter

416 1431 595 1477 meos
638 1412 785 1490 hiis,
844 1412 1079 1496 quibus
1121 1414 1380 1494 ignotus
1426 1433 1624 1490 eram,
1670 1412 2012 1496 despectus
2057 1413 2348 1496 apparui.
2435 1412 2504 1476 Si
2540 1413 2686 1496 quis

416 1497 648 1562 nititur
700 1497 975 1562 exaltari
1026 1518 1225 1580 supra
1277 1519 1373 1576 se,
1428 1463 1630 1580 Turpi
1683 1511 1838 1562 casu
1891 1517 1968 1562 ac
2023 1517 2168 1562 sero
2219 1496 2466 1562 dolenti
2511 1497 2688 1564 cadit

414 1581 585 1646 infra
642 1604 729 1650 se.
833 1583 1079 1647 Divites
1136 1589 1286 1647 tuos
1338 1603 1491 1646 cum
1541 1582 1812 1660 honore,
1875 1583 2204 1663 Pauperes
2259 1587 2477 1646 autem
2539 1603 2683 1647 cum

413 1668 623 1749 gratia
673 1673 917 1733 tractes
972 1675 1039 1732 et
1090 1665 1303 1756 [bona]
1358 1668 1652 1734 caritate.
1757 1669 2112 1750 Antiquum
2165 1668 2338 1732 enim
2401 1667 2686 1732 affirmat

413 1752 843 1836 proverbium,
898 1752 1071 1836 quod
1115 1753 1236 1836 hee
1280 1773 1427 1817 cum
1472 1767 1708 1834 magna
1752 1772 2004 1837 semper
2047 1751 2349 1818 incedant
2391 1753 2685 1818 multitu-

414 1838 581 1903 dine.
699 1839 938 1903 *Tuam
1008 1858 1358 1935 pauperem
1426 1838 1741 1902 familiam
1811 1859 1853 1902 a
1921 1857 2170 1903 summo
2239 1843 2500 1920 pastore
2564 1837 2684 1936 tibi

415 1924 819 1988 commissam
882 1929 949 1987 et
1010 1944 1051 1986 a
1112 1943 1213 1986 me
1277 1924 1383 1986 vix
1452 1929 1903 2005 congregatam
1974 1921 2228 1988 custodi
2290 1929 2393 1986 et⁰
2443 1923 2684 2006 iniquis

416 2007 877 2073 susurronibus
918 2006 1001 2071 de
1044 2008 1166 2072 hac
1210 2007 1379 2072 male
1426 2006 1969 2106 persuadentibus
2019 2010 2196 2090 piam
2249 2027 2380 2072 non
2431 2028 2684 2073 accom-

414 2093 639 2157 modes
682 2112 925 2157 aurem.
1025 2092 1166 2156 Tua
1216 2113 1321 2158 res
1381 2100 1483 2157 est
1530 2113 1732 2176 parva
1783 2100 1849 2158 et
1890 2095 2026 2158 vice
2077 2094 2393 2158 maiorum
2444 2114 2685 2176 nequa-

415 2199 609 2261 quam
669 2176 1037 2257 tractanda3
1099 2175 1221 2264 [ac]
1282 2178 1482 2243 multo
1540 2179 1756 2242 sacius
1812 2184 1912 2244 est
1965 2179 2278 2261 paulatim
2336 2179 2682 2243 crescendo

415 2200 519 2327 qde
606 2263 709 2328 die
760 2263 830 2327 in
883 2262 1053 2327 diem
1108 2262 1483 2342 ascendere,
1548 2285 1742 2346 quam
1799 2285 1941 2328 cum
1995 2263 2278 2346 dampno
2334 2262 2682 2328 multorum

581 2349 666 2413 ad
718 2347 1016 2412 ultimum
1070 2346 1361 2416 deficere.
1460 2349 1776 2430 Tempora
1823 2348 1982 2412 haec
2052 2348 2376 2430 prioribus
2433 2349 2684 2414 cunctis

366 2465 379 2486 ν
409 2434 723 2498 inferiora
775 2432 921 2516 plus
972 2433 1268 2512 demunt,
1324 2453 1521 2516 quam
1575 2434 1772 2498 alicui
1825 2433 2129 2498 adduntd.
2219 2433 2460 2516 *Culpa
2504 2435 2682 2515 gravi

410 2525 473 2584 et
534 2525 918 2619 paupertate
978 2518 1127 2584 dira
1188 2483 1449 2583 inhatus
1511 2518 1721 2583 honor
1783 2527 1848 2584 et
1910 2517 2102 2584 datus
2164 2518 2428 2585 vilescit.
2537 2517 2682 2585 Non

409 2624 559 2689 rogo
603 2613 688 2683 te,
732 2611 809 2669 ut
852 2606 941 2669 sis
985 2626 1240 2689 parcus,
1294 2605 1451 2687 quia
1495 2604 1774 2669 dedecus
1819 2610 1946 2689 est3
2002 2604 2117 2669 sed
2164 2605 2289 2669 hoe
2334 2606 2676 2687 ingemin0,

408 2712 489 2755 ne
544 2692 817 2755 nimium
841 2692 1119 2800 largus,
1177 2689 1335 2773 quia
1393 2687 1563 2776 [hoc]
1625 2710 1743 2754 nec
1796 2690 2138 2755 consilium
2193 2696 2293 2753 est
2343 2710 2463 2754 nec
2515 2690 2678 2755 bene

410 2778 725 2841 convenit.
841 2775 1080 2841 *Cures
1150 2773 1372 2862 eti[am
1444 2774 1523 2839 de
1595 2775 1919 2858 peregrini
1990 2776 2208 2839 anima
2270 2773 2679 2853 Godeberti,
2638 2774 2661 2819 1

410 2862 683 2925 multum
737 2866 998 2925 nostrae
1050 2861 1235 2925 utilis
1286 2860 1642 2925 aecclesiae
1693 2868 1757 2926 et
1801 2860 1882 2925 de
1926 2860 2200 2926 caeteris
2243 2879 2440 2940 quam
2483 2860 2684 2942 pluri-

409 2944 608 3031 bus]0.
708 2945 927 3011 Habes
980 2943 1187 3043 [satis]
1242 2945 1323 3010 de
1376 2944 1588 3024 libris,
1644 2966 1806 3029 quos
1862 2945 1968 3010 hic
2022 2947 2104 3010 ab
2159 2945 2681 3011 antecessoribus

412 3031 650 3096 nostris
717 3031 1025 3096 collectos
1094 3030 1307 3094 inveni
1374 3037 1439 3095 et
1495 3031 1762 3115 insuper
1817 3052 1980 3114 quos
2039 3032 2353 3098 contraxi.
2449 3030 2526 3094 In
2579 3031 2682 3095 his

410 3117 887 3199 magisteriumf
928 3115 1183 3181 salubre
1226 3116 1551 3197 reperies&
1609 3136 1685 3181 ac
1730 3116 1850 3180 hos
1897 3117 2131 3181 exaudi
2183 3122 2248 3180 et
2295 3122 2449 3180 tunc
2498 3121 2681 3197 potes

410 3202 663 3269 salvari.
766 3202 1151 3267 Sanctorum
1208 3200 1520 3283 reliquias
1574 3207 1642 3265 et
1691 3201 1932 3267 munda
1987 3222 2210 3267 eorum
2273 3200 2681 3299 receptacula

410 3288 596 3351 cum¹²
658 3288 806 3352 aliis
868 3285 1265 3351 utilitatibus
1322 3286 1648 3369 plurimis,
1720 3294 1856 3351 tam
1917 3288 1985 3351 in
2049 3286 2292 3369 prediis
2357 3308 2551 3371 quam
2613 3288 2681 3350 in

409 3373 770 3456 mancipiiS,
818 3393 949 3471 ego·
978 3371 1319 3456 acquisivi3
1375 3379 1441 3437 et
1482 3392 1564 3437 ne
1608 3378 1673 3438 te
1717 3372 1990 3438 forsitan
2035 3372 2332 3451 laterent,
2383 3372 2681 3437 martiro-

406 3458 607 3541 logio¹
650 3458 953 3541 inscripsi
998 3478 1138 3522 meo
1155 3456 1185 3501 2

585 3545 685 3609 14.
784 3543 1053 3628 Oportet
1124 3546 1340 3607 autem
1402 3547 1581 3609 tuam
1646 3544 1811 3609 scire
1871 3544 2183 3642 pietatem
2240 3544 2410 3627 regis
2472 3542 2680 3607 nostri

410 3635 475 3693 et
517 3628 924 3713 imperatoris
960 3627 1251 3693 Heinrici
1294 3627 1757 3694 multiformem
1796 3629 2294 3695 benivolentiam
2329 3630 2680 3693 aecclesiae

408 3713 761 3779 exhibitam
816 3719 1103 3793 nostrae,
1167 3714 1247 3778 de
1300 3733 1432 3796 qua
1484 3721 1738 3795 partem
1801 3714 2126 3797 quandam
2179 3716 2474 3798 superius
2530 3733 2680 3777 con-

405 3799 737 3883 prehendi,
784 3800 1093 3866 maiorem
1132 3819 1302 3877 vere,
1340 3800 1493 3882 quia
1536 3798 1968 3865 indiscussam
2015 3800 2267 3883 reliqui,
2313 3820 2483 3863 nunc
2523 3799 2682 3863 scri-

406 3885 559 3951 bere
612 3886 733 3951 tibi
787 3886 1105 3969 optimum
1156 3885 1331 3949 duxi.
1423 3883 1614 3963 Vide,
1669 3890 1744 3949 ut
1796 3887 1864 3949 in
1915 3885 2183 3951 assidua
2225 3883 2680 3949 recordacione

408 4038 451 4086 a)
486 4040 517 4078 d
518 4044 599 4079 eat
625 4043 665 4079 1.
798 4040 847 4089 b)
885 4049 1031 4080 meum
1064 4051 1171 4079 corr.
1198 4043 1326 4080 tuum
1354 4042 1393 4079 1.
1526 4036 1570 4088 c)
1605 4050 1691 4079 nec
1717 4051 1824 4081 corr.
1854 4043 1900 4079 et
1926 4041 1976 4079 Τ.
2109 4038 2154 4088 d)
2180 4039 2422 4078 vocabulum
2447 4048 2611 4077 erasum
2639 4040 2679 4076 1.

409 4090 1023 4141 e)cureset1aminaua
1024 4092 1252 4131 buclieisn
1277 4102 1359 4131 εον.
1389 4091 1447 4139 0,·
1490 4092 1986 4143 Pindum-amarique
1966 4088 2602 4139 Madectamdepergrini
2628 4099 2678 4129 ex

410 4143 571 4191 syllaba
608 4154 681 4183 am
716 4144 897 4183 correxit
925 4144 1135 4193 animun
1110 4103 1252 4182 verb:
1260 4140 1547 4181 Godeberti—
1548 4143 1788 4191 —spluribu
1823 4144 1871 4181 in
1897 4145 1984 4183 Ιοοο
2017 4152 2117 4181 rato
2091 4143 2324 4191 osen-ipsi&
2463 4140 2499 4191 f)
2543 4141 2680 4187 magi·

407 4198 471 4232 str
475 4194 565 4233 ium
594 4194 638 4245 0,
665 4204 690 4233 e
716 4194 819 4235 add.
842 4195 894 4235 T.
1015 4194 1061 4245 g)
1089 4194 1219 4233 τίθει
1204 4196 1251 4233 in
1278 4195 1368 4233 loco
1393 4204 1491 4234 rano
1515 4194 1728 4243 1.11)
1753 4204 1810 4233 cu
1836 4197 1876 4233 1.
1997 4193 2030 4243 i)
2064 4197 2202 4233 murto
2206 4193 2346 4241 rlogia
2373 4203 2480 4231 c.orr
2510 4202 2582 4231 ma
2584 4193 2679 4231 rtir-

404 4242 585 4291 loogll.

411 4345 461 4403 1)
498 4346 715 4402 Necrol.
742 4350 978 4403 Mer-seb.
1007 4348 1123 4404 Oet.
1150 4348 1243 4403 23:
1283 4345 1617 4402 Godebertus
1644 4346 1828 4402 laicus
1969 4346 2024 4415 2)
2065 4348 2231 4404 Nunc
2267 4346 2568 4415 deperdi203
2605 4346 2679 4411 cf.

408 4412 479 4465 R.
517 4413 809 4481 Wilmam,
846 4417 1090 4472 ‘Archiv'
1130 4418 1241 4483 XI,
1280 4416 1587 4471 139—146.
