3100 5050
880 421 1284 476 THIETMARI
1320 421 1584 476 CHRON.
1656 423 1796 478 LIB.
1831 420 1912 475 IX
1949 421 2146 486 (VIII).
2546 420 2648 475 245

384 574 597 640 adhuc
624 573 862 637 ibidem
893 573 1129 652 stabat,
1160 574 1372 639 erario
1392 574 1816 658 procederent
1832 578 2168 639 cantantes
2196 571 2650 656 antiphonam⁸

384 661 577 725 hanc:
632 659 960 722 Martinus
1004 659 1388 724 Habrahaeb
1433 661 1576 724 sinu
1624 661 1822 723 laetus
1867 659 2170 743 recipitur
2212 664 2277 723 et
2326 664 2586 721 caetera
2605 657 2648 735 ¹,

145 766 167 790 *
192 777 242 815 p.
261 766 355 806 864.
385 743 511 831 *[in
542 745 768 828 pietate
802 767 919 808 sua
956 754 1013 808 et
1050 755 1421 829 paupertate
1455 745 1720 830 spiritus
1755 767 1831 808 ac
1871 744 2248 819 humilitiam
2285 743 2408 806 hoc
2442 748 2650 806 totum

384 827 579 911 fuit2,
636 834 701 894 et
761 829 934 912 quod
998 829 1319 910 sequitur:
1394 830 1786 914 promeruit.
1818 879 1832 894 .
1865 825 2032 914 .]‘³·*.
2146 829 2233 893 Et
2303 827 2425 892 hoc
2497 834 2652 891 tunc

384 914 697 980 fratribus
741 914 1032 978 nuntiavi
1068 915 1256 979 meis:
1331 915 1479 978 ‘Pro
1527 915 1748 998 cert0,’
1794 915 2112 997 inquiens,
2160 913 2430 990 ‘scitote,
2477 912 2654 994 quod

384 1001 601 1064 anima
644 999 781 1063 Deo
829 1018 982 1063 cara
1024 998 1104 1063 de
1148 999 1273 1064 hac
1316 998 1461 1085 luce
1507 1006 1608 1064 est
1648 1020 1821 1064 nnnc
1875 999 2219 1080 separata.’
2307 999 2462 1062 Post
2514 997 2651 1060 dies

390 1086 477 1149 VI
533 1085 905 1149 intimatum
958 1088 1061 1149 est
1112 1085 1316 1165 nobis,
1373 1083 1572 1168 quod,
1627 1086 1798 1149 sicut
1849 1085 2059 1149 visum
2113 1089 2209 1148 est
2260 1083 2450 1160 mihi,
2506 1103 2653 1146 vere
2679 1101 2899 1142 rebam.

387 1171 507 1235 Dei
552 1169 799 1234 famula
843 1169 1153 1234 transiret
1198 1191 1233 1234 e
1278 1191 1539 1235 carcere
1587 1171 1822 1234 carnis.

561 1257 658 1322 10.
733 1252 849 1340 (7.)
952 1255 1312 1320 Confratris
1396 1256 1526 1320 mei
1603 1255 1983 1320 memoriam
2074 1253 2369 1318 Bernarii
2462 1252 2652 1316 modo

386 1339 754 1423 aggrediar,
818 1341 928 1421 qui
992 1339 1441 1406 familiaritate
1504 1361 1624 1404 sua
1684 1341 1844 1404 mihi
1908 1338 2238 1404 exhibitad
2309 1338 2482 1420 apud
2552 1359 2653 1402 me

386 1426 723 1490 caritatem
759 1425 993 1490 bonam
1034 1431 1117 1504 et,
1148 1427 1204 1489 si
1232 1425 1681 1510 aliquatenus0
1717 1422 1822 1524 [ei]
1861 1425 2226 1507 profuisset,
2264 1423 2653 1488 mentionem

386 1511 847 1592 promeruisset
874 1508 1182 1575 sedulam.
1232 1511 1352 1576 Hic
1385 1511 1601 1576 carnis
1631 1511 2116 1595 propinquitate
2143 1508 2654 1590 consanguineus

388 1601 470 1675 et,
517 1595 687 1678 quod
723 1617 893 1660 nunc
929 1602 1029 1660 est
1068 1596 1438 1675 maximum,
1486 1596 1785 1660 amicicia
1829 1595 1956 1660 fuit
2001 1591 2203 1680 [mihi]
2249 1595 2652 1658 coniunctus,

114 1703 136 1726 *
158 1703 245 1751 soz·
267 1704 358 1742 181.
386 1681 612 1760 Tercio
673 1680 893 1745 Ottoni
952 1681 1171 1746 *valde
1228 1702 1418 1746 carus
1476 1687 1636 1758 erat,
1697 1682 1852 1765 quia
1907 1678 2035 1744 sibi
2097 1685 2166 1744 et
2220 1680 2459 1743 amitae
2516 1679 2653 1743 eius

388 1764 738 1830 venerabili
783 1765 1119 1830 Mahtildif
1160 1765 1580 1831 abbatissae3
1623 1764 1905 1830 fideliter
1951 1763 2298 1844 serviebat3
2344 1763 2654 1847 quicquid

386 1851 453 1915 in
498 1849 753 1914 Salbozi
800 1849 993 1915 villa4
1038 1851 1105 1914 in
1153 1850 1535 1916 beneficium
1579 1850 1838 1928 habuit,
1897 1851 1966 1914 in
2009 1849 2306 1934 predium
2353 1847 2458 1936 [ab
2504 1846 2654 1934 hiis]

386 1935 743 2018 acquisivit.
832 1935 1247 2002 Aethelberto
1267 1947 1295 1986 ⁸
1342 1935 1805 2001 archiantistiti
1859 1937 2120 2018 suisque
2173 1933 2656 2000 successoribus

386 2041 591 2103 usque
634 2021 703 2084 in
747 2020 1055 2084 domnum
1094 2022 1409 2086 Geronem
1456 2022 1715 2086 servivit
1767 2027 1831 2086 et
1880 2021 2050 2105 apud
2096 2019 2356 2084 eosdem
2393 2019 2652 2102 dignam

385 2105 881 2170 retributionem
926 2107 1231 2188 suscepit.
1318 2107 1604 2171 Tandem
1641 2105 2021 2171 infirmitate
2067 2113 2371 2188 gravatur
2416 2113 2481 2170 et
2516 2105 2652 2168 Deo

387 2190 831 2274 omnipotenti,
878 2211 1065 2273 quem
1112 2211 1363 2276 semper
1406 2213 1520 2276 pre
1567 2192 1862 2257 omnibus
1907 2192 2174 2270 amavit,
2229 2190 2655 2272 coniungitur.

389 2275 465 2339 In
510 2276 692 2339 cuius
738 2295 955 2340 amore
1000 2297 1077 2338 ac
1120 2278 1481 2342 venerando
1526 2277 1770 2342 honore
1815 2277 2194 2342 aecclesiam
2230 2278 2298 2340 in
2333 2275 2655 2358 acquisita

386 2361 783 2446 proprietate
846 2361 1141 2444 predicta
1202 2364 1566 2427 construxit
1627 2369 1693 2427 et
1745 2361 1956 2450 [hanc]
2011 2362 2095 2426 ad
2150 2360 2650 2426 benedicendam

386 2467 487 2512 me
532 2444 870 2529 indignum
913 2449 1183 2512 vocavit.
1275 2449 1440 2512 Ante
1486 2445 1715 2536 [cuius]
1768 2447 2316 2513 consecrationem
2361 2446 2652 2510 volumen

384 2533 645 2616 longum
704 2532 1097 2598 facinoribus
1150 2534 1285 2598 suis
1336 2535 1720 2615 inscriptum
1783 2555 1861 2598 ac
1923 2534 2108 2617 prius
2171 2533 2446 2596 caeteris
2503 2552 2654 2596 con-

385 2616 741 2683 fessoribus
787 2620 921 2683 suis
966 2625 1294 2694 ostensum
1348 2620 1505 2682 mihi
1549 2618 1810 2701 aperuit
1863 2625 1929 2683 et
1981 2639 2194 2683 coram
2252 2637 2352 2681 me
2396 2638 2655 2699 gemens

386 2703 542 2787 legit
569 2711 634 2769 et
660 2724 701 2768 a
726 2724 829 2767 me
858 2704 1129 2787 supplex
1165 2704 1634 2787 indulgentiam
1660 2704 2028 2787 postulavit.
2107 2703 2290 2768 Hanc
2317 2703 2652 2786 epistolam

388 2790 634 2872 sumpsi
686 2795 751 2852 et
795 2789 1267 2854 absolutionem
1303 2790 1630 2853 commissi
1667 2788 1886 2853 divina
1923 2794 2240 2869 potestate
2277 2785 2474 2875 [huic]
2511 2788 2654 2865 feci,

388 2894 659 2956 cumque
704 2872 925 2937 eodem
972 2874 1096 2952 die,
1143 2874 1211 2938 id
1257 2880 1355 2940 est
1400 2876 1574 2941 XVI.
1603 2874 1749 2939 Kal.
1796 2876 2056 2959 Aprilis,
2112 2875 2266 2956 quia
2309 2879 2464 2937 tunc
2510 2879 2652 2937 erat
2677 2890 2802 2929 Mart.
2825 2890 2888 2926 17·

386 2980 604 3022 annua
666 2957 805 3023 dies
866 2959 967 3023 sui
1028 2962 1253 3041 patris,
1324 2960 1684 3040 predictam
1747 2980 2186 3024 consecrarem
2252 2958 2653 3036 aecclesiam,

388 3064 586 3125 supra
632 3041 978 3107 buxidem5
1021 3044 1315 3128 reliquiis
1361 3052 1737 3110 sanctorum
1782 3046 2090 3110 refertam
2135 3044 2656 3128 prenominatum

386 3130 575 3210 posui
620 3128 1026 3206 breviarium,
1073 3136 1147 3194 ut
1189 3150 1413 3193 eorum
1458 3130 1718 3195 assiduo
1765 3132 2127 3195 interventu
2171 3151 2322 3194 vera
2357 3129 2658 3194 flebiliter

388 3214 717 3278 confitenti
762 3214 1055 3278 remissio
1100 3213 1289 3278 fieret
1334 3221 1397 3278 et
1450 3214 1566 3279 diu
1619 3221 1844 3297 optata
1895 3216 2191 3282 abolici0.
2279 3215 2419 3278 Hoc
2473 3236 2654 3278 num-

390 3320 581 3383 quam
628 3297 757 3363 vidi
803 3299 1086 3381 aliquem
1131 3300 1363 3364 fecisse
1407 3301 1504 3365 vel
1550 3301 1796 3381 audivi3
1859 3308 1959 3366 set
2010 3303 2166 3383 quia
2217 3298 2654 3364 infirmitatem

96 3387 228 3435 *Μ’
250 3384 351 3433 ¹⁸¹²
384 3404 599 3449 meam
636 3384 789 3447 huic
826 3384 919 3447 nil
953 3384 1260 3465 prodesse
1295 3386 1505 3465 timui,
1555 3386 1674 3449 *ad
1711 3393 1966 3451 sanctos
2004 3387 2470 3451 intercessores
2509 3407 2656 3450 con-

149 3448 267 3475 man.
292 3436 344 3474 G.

500 3522 553 3586 ἦς)
593 3522 797 3575 Εναείε
833 3522 890 3574 in
926 3522 1147 3576 sinistro
1182 3524 1429 3590 maraine
1463 3524 1642 3578 tribus
1675 3524 1925 3579 versibus
1952 3524 2020 3578 N
2045 3526 2104 3578 in
2143 3523 2402 3589 inferiore
2427 3525 2652 3578 adiecit:

593 3588 835 3711 Infanntgs
893 3589 980 3711 ¹lilii
1033 3589 1307 3658 geminam
1370 3590 1603 3645 eiusdem
1669 3592 2031 3646 innocentiam
2094 3595 2152 3647 et
2210 3592 2474 3659 premium
2536 3609 2653 3658 pro·

590 3674 699 3711 nun
730 3674 784 3710 ia
822 3674 893 3711 an
962 3696 976 3711 .

386 3776 427 3826 a)
455 3777 741 3825 antiphanam
766 3778 806 3815 1.
897 3774 944 3826 b)
970 3776 1001 3814 h
1029 3788 1193 3815 erocum
1222 3780 1259 3815 1.
1342 3776 1385 3828 c)
1412 3779 1457 3817 in
1484 3778 1647 3827 pietate
1666 3798 1717 3806 -
1734 3778 1976 3827 promeruit
2001 3779 2111 3817 inter
2138 3780 2270 3818 lineas
2295 3778 2398 3818 add.
2424 3780 2482 3825 T‚·
2509 3780 2656 3827 cetera,

386 3840 491 3877 quae
510 3829 617 3867 idem
632 3828 681 3866 in
699 3829 885 3873 maraine
902 3829 1141 3878 scripserat,
1161 3839 1281 3867 erasa
1298 3832 1411 3869 sunt.
1474 3828 1519 3878 d)
1547 3829 1742 3883 exhibite
1762 3833 1798 3869 1.
1863 3830 1908 3877 e)
1933 3830 2201 3878 aliquatinus
2218 3832 2258 3869 1.
2313 3830 2352 3879 f)
2377 3830 2407 3867 h
2431 3840 2594 3868 erasum
2613 3836 2652 3868 1.

385 3880 431 3927 g)
460 3880 551 3919 ath.
582 3879 773 3919 radendo
798 3880 906 3927 atqu.
934 3890 1041 3917 corr.
1064 3882 1101 3917 1.
1220 3878 1271 3929 h)
1314 3880 1516 3919 Infantes
1544 3882 1767 3930 gemmam
1795 3882 1892 3920 elus
1917 3882 2212 3919 innocentiam
2249 3886 2292 3919 et
2316 3881 2536 3929 premium
2561 3892 2656 3929 pro-

387 3932 661 3981 nuntiabant,
695 3930 869 3969 scilicet
902 3930 1109 3978 pietatem
1138 3930 1185 3968 in
1210 3935 1471 3979 paupertate
1500 3934 1682 3981 spiritus
1717 3936 1762 3973 et
1788 3931 2082 3972 humilitatem
2121 3931 2263 3971 cordis
2301 3936 2358 3981 et,
2397 3942 2526 3981 quam
2560 3942 2656 3981 pro·

386 3984 558 4031 meruit,
584 3982 825 4021 armoniam
853 3981 1073 4021 celestem.
1101 3984 1144 4021 2.

386 4083 440 4188 ἑ)
475 4084 830 4137 Breviariwm
866 4083 1197 4163 Romanum,
1235 4086 1407 4139 Festa
1444 4088 1768 4168 Novembris
1803 4089 1855 4141 d.
1894 4089 1993 4142 XI
2024 4089 2190 4169 lectio·
2227 4088 2376 4168 {⁷111
2415 4087 2657 4182 (Ratisb.

386 4152 708 4273 ὲὲἒυῖἇνὲἔ.
729 4152 2028 4289 hlaleszssserbrgazanuzmffissnaeMffiiqmssaeffg
2070 4159 2374 4292 ξζὲῗὲξαξὴ
2415 4156 2656 4277 modicis}

388 4282 604 4364 coelum
648 4287 793 4341 dives
836 4288 1157 4357 ingreditur.
1320 4290 1375 4351 3)
1424 4292 1934 4361 Quedlinburyensi.
2092 4294 2147 4354 4)
2193 4294 2392 4347 Salbkc
2426 4294 2542 4347 vico
2580 4294 2658 4345 ad

390 4351 571 4405 Albam
605 4356 746 4409 inter
772 4358 1121 4425 Maydebury
1156 4364 1207 4412 et
1234 4359 1443 4412 Frohse
1471 4361 1594 4413 sito.
1727 4360 1781 4427 5)
1818 4364 1869 4415 I.
1898 4378 1941 4415 e.
1962 4362 2226 4429 pyxidem
2261 4362 2372 4416 sive
2407 4362 2656 4417 arculam

388 4436 635 4488 sacram‚·
680 4423 751 4490 of.
790 4425 983 4480 Kraus
1012 4424 1448 4495 ‘Realencyklop
1478 4428 1531 4483 d.
1559 4429 1766 4483 christl.
1795 4431 1927 4483 Aet!
1957 4447 2000 4484 8.
2029 4447 2076 4483 v.
2105 4428 2308 4484 ‘Altar’
2337 4432 2386 4485 7.
