3100 5050
217 2803 240 2826 ¹*
263 2813 311 2850 p.
333 2799 422 2842 ⁷9⁷.

1087 376 1494 440 THIETMARI
1527 384 1791 441 CHRON.
1858 386 1993 441 LIB.
2030 386 2094 441 V.
2610 380 2717 445 ³119

463 536 814 616 morderet,
875 536 1224 602 simulabat
1276 558 1345 603 se
1399 536 1482 602 ob
1535 538 1663 603 hoc·
1708 544 1844 603 tam
1896 560 2039 605 sero
2092 539 2176 605 ad
2228 540 2399 624 regis
2442 534 2718 625 gratiam
2754 554 2903 611 1⁰02.

463 624 828 703 accessisse,
877 623 1045 705 quod
1080 624 1147 688 in
1182 622 1559 707 accipienda
1592 623 2033 691 benedictione
2072 626 2553 710 Magontinum⁸
2586 627 2716 693 sibi
2852 659 2856 663 ·
2888 650 2894 667 ··

463 730 578 775 rex
618 709 924 775 voluisset
963 728 1336 794 preponere.
1424 708 1629 793 Igitur
1671 708 1764 773 hii
1817 710 2205 791 confratres,
2258 713 2545 797 episcopi
2588 714 2719 779 sci-

461 796 630 875 licet,
675 816 886 879 regem
935 795 1182 878 pariter
1225 795 1532 877 eligentes
1576 793 1897 879 fidemque
1931 798 2355 863 sacramentis
2388 797 2717 876 firmantes

463 903 666 965 usque
709 880 792 946 ad
830 881 1277 963 Aquasgranib
1313 881 1585 945 eundem
1619 882 2026 947 comitantur.
2100 883 2237 961 Quo
2272 884 2339 948 in
2372 885 2716 962 nativitate
2742 906 2862 958 sept.
2880 908 2926 948 s.

461 973 725 1033 sanctae
771 966 1016 1031 Mariae
1059 988 1102 1031 a
1142 966 1528 1051 primatibus
1574 966 2056 1033 Liuthariorum
2099 969 2167 1034 in
2210 990 2421 1053 regem
2477 970 2718 1036 collau-

461 1053 655 1118 datur
707 1060 771 1118 et
822 1053 890 1116 in
943 1051 1157 1117 sedem
1210 1053 1454 1135 regiam
1506 1073 1683 1118 more
1745 1060 2223 1120 antecessorum
2286 1075 2549 1120 suorum
2608 1078 2717 1121 ex-

462 1139 705 1204 altatur
750 1143 815 1202 et
859 1136 1327 1222 magnificatur.
1962 1180 1967 1191 ·
2478 1168 2481 1171 ⁴
2543 1202 2551 1211 ,
2636 1180 2639 1183 ·

633 1224 899 1290 Interim
933 1224 1272 1289 Franciam
1307 1224 1591 1289 revisere
1626 1224 2153 1309 insistentemque
2193 1224 2439 1309 hyemis
2476 1227 2719 1311 asperi-

461 1316 661 1375 tatem
727 1309 963 1375 ibidem
1027 1309 1375 1391 perducere
1437 1315 1733 1391 conatur,
1805 1316 1879 1376 ut
1935 1332 2082 1376 vere
2143 1310 2423 1395 primum
2493 1317 2715 1378 exorto

462 1396 926 1461 Herimannum
980 1393 1208 1461 ducem
1261 1396 1327 1460 in
1373 1394 1719 1480 Cisalpinis
1770 1397 2069 1481 partibus
2120 1396 2246 1462 sibi
2305 1397 2509 1463 solum
2558 1398 2718 1463 resi-

460 1487 736 1561 stentem
787 1482 848 1545 vi
901 1488 1157 1564 cogeret
1208 1481 1452 1547 cedere.
1554 1482 1677 1559 Qui
1729 1482 1810 1547 de
1860 1481 2144 1548 vindicta
2197 1483 2343 1563 Dei,
2399 1504 2596 1567 quam
2646 1485 2715 1549 in

461 1569 812 1651 Argentina
870 1567 1254 1650 promeruit,
1317 1568 1593 1632 multum
1653 1567 1919 1633 timidus
1971 1567 2405 1653 populumque
2456 1590 2571 1652 pro
2618 1577 2717 1635 ter

461 1674 528 1719 se
572 1653 976 1718 laborantem
1020 1673 1150 1718 non
1193 1654 1470 1735 amplius
1515 1654 1837 1731 sustinens
1882 1675 1998 1737 per
2049 1654 2528 1720 intercessores·
2600 1655 2715 1721 dos

460 1739 586 1805 sibi
631 1740 894 1823 suisque
934 1737 1300 1803 fautoribus
1343 1740 1517 1821 regi-s
1562 1741 1835 1823 gratiam
1880 1740 2183 1823 postulat.

632 1830 732 1892 21.
781 1826 943 1909 (13.)
1023 1824 1150 1889 Sed
1211 1830 1557 1907 antequam
1621 1824 1688 1890 id
1752 1824 1833 1889 ab
1896 1846 1973 1890 eo
2035 1825 2464 1891 deliberatum
2525 1833 2713 1902 esset,

459 1912 777 1995 quaedam
822 1932 927 1975 res
971 1909 1053 1976 ab
1094 1909 1468 1975 Alamannis
1512 1916 1883 1995 perpetrata
1927 1919 2044 1990 est,
2091 1933 2131 1976 a
2173 1911 2357 1977 nobis
2400 1932 2525 1978 non
2570 1934 2715 1998 pre-

458 1996 789 2062 tereunda.
887 1995 1278 2074 GerharduS,
1333 2016 1545 2062 comes
1582 1996 1867 2062 Alsatiae
1886 1997 1927 2075 ¹,
1982 2003 2247 2079 accepto
2292 2018 2332 2063 a
2374 2019 2534 2082 rege.
2560 2015 2714 2081 quo·
2820 2020 2823 2025 ·

458 2083 608 2148 dam
653 2082 960 2146 comitatu
1004 2080 1244 2166 prefati
1279 2081 1460 2147 ducis
1505 2103 1646 2147 cum
1687 2082 1945 2147 domum
1990 2082 2248 2161 rediret,
2294 2084 2476 2148 iuxta
2519 2100 2716 2149 unam

460 2168 716 2232 urbium
761 2176 975 2232 castra
1019 2172 1295 2233 metatus
1340 2174 1456 2232 est.
1547 2168 1602 2232 A
1648 2189 1776 2253 quo
1826 2168 2058 2233 urbani
2102 2188 2325 2251 pacem
2368 2170 2474 2233 vix
2516 2188 2709 2233 unam

459 2258 705 2318 noctem
751 2254 1168 2337 impetrantes
1212 2255 1452 2337 egressi
1495 2260 1645 2319 sunt
1678 2254 1901 2319 dolose
1942 2255 2131 2337 quasi
2174 2254 2256 2319 ad
2302 2254 2712 2339 colloquium,

460 2338 573 2405 sed
615 2360 838 2404 revera
881 2339 968 2404 ad
1011 2338 1492 2424 explorandum.
1582 2340 1636 2404 E
1682 2339 1913 2424 quibus
1958 2361 2124 2405 unus
2160 2340 2514 2405 calliditate
2550 2361 2713 2424 eque

457 2446 533 2490 ac
585 2425 925 2490 velocitate
982 2446 1249 2509 persepe
1302 2425 1614 2508 probatus
1665 2426 1930 2511 propius
1984 2427 2260 2491 accessit
2312 2425 2711 2509 signiferam-

457 2533 580 2596 que
627 2512 937 2588 lanceam,
993 2533 1122 2596 qua
1165 2508 1545 2577 beneficium
1590 2510 1774 2577 ducis
1819 2533 2032 2576 comes
2076 2510 2246 2577 idem
2292 2518 2631 2597 acceperat
2673 2534 2713 2578 a

454 2618 626 2680 rege,
683 2618 898 2663 coram
943 2599 1218 2662 tentorio
1264 2599 1404 2662 eius
1449 2595 1714 2662 affixam
1768 2598 2071 2663 elevando
2120 2598 2577 2683 circumspexit
2628 2599 2713 2664 ad

453 2683 879 2767 ultimumque
921 2705 1068 2748 cum
1113 2705 1191 2748 ea
1236 2683 1456 2749 urbem
1503 2704 1788 2760 securuS,
1848 2685 2097 2749 cunctis
2142 2685 2469 2764 incassum
2514 2693 2713 2768 pone⁶

453 2770 895 2853 sequentibuS,
967 2771 1248 2834 intravit.
1365 2769 1440 2832 In
1498 2768 1659 2834 urbe
1713 2789 1865 2834 mox
1922 2769 2231 2850 exultatio
2273 2791 2525 2854 magna
2577 2771 2713 2835 *ex-

452 2854 730 2936 tollitur‚
785 2861 978 2940 porta
1021 2855 1372 2934 clauditur,
1430 2876 1641 2920 comes
1694 2857 1881 2938 quasi
1932 2854 2173 2920 honore
2223 2858 2516 2938 privatus
2566 2857 2713 2921 irri-

455 2941 660 3007 detur.
752 2940 876 3018 Qui
922 2941 1190 3006 eandem
1233 2941 1442 3026 primo
1490 2940 1789 3007 dulcibus
1833 2943 2169 3025 promissis
2213 2941 2457 3006 frustra
2510 2948 2712 3027 temp-

453 3032 600 3091 tans
634 3027 940 3108 recipere,
989 3027 1101 3091 sed
1138 3027 1266 3091 illis
1301 3025 1683 3110 negantibus
1719 3027 2061 3106 redditum,
2108 3028 2314 3092 tristis
2354 3027 2533 3107 abiit,
2578 3036 2711 3092 tam

453 3133 692 3177 vacuus
737 3133 778 3176 a
822 3110 1130 3177 beneficio
1175 3133 1368 3196 quam
1415 3134 1456 3177 a
1499 3112 1767 3178 militari
1812 3115 2013 3196 signo.
2612 3127 2623 3136 ”
2712 3149 2715 3152 ’

625 3197 785 3282 (14.)
855 3198 1059 3263 Fuere
1103 3199 1170 3263 in
1207 3197 1336 3262 alia
1372 3199 1632 3263 civitate
1670 3200 2116 3273 munitissima,
2164 3198 2437 3264 Brizach
2473 3197 2648 3264 dicta
2662 3198 2706 3275 2,

455 3283 738 3367 episcopi
793 3283 946 3362 duo,
1003 3283 1529 3368 Argentinensis3
1583 3291 1648 3349 et
1701 3282 2143 3364 Basiliensis⁴‚
2200 3284 2284 3349 ad
2336 3285 2711 3368 presidium,

454 3389 728 3452 quorum
765 3369 1002 3434 milites
1038 3369 1300 3436 cottidie
1338 3369 1421 3435 ob
1447 3370 1842 3454 acquirenda
1874 3390 2181 3454 equorum
2211 3370 2450 3455 pabula
2476 3372 2714 3436 armati

454 3455 628 3519 exire
683 3455 996 3520 solebant.
1102 3455 1287 3535 Quod
1342 3457 1532 3520 amici
1594 3456 1777 3521 ducis
1838 3462 2027 3521 caute
2092 3455 2575 3522 considerantes
2638 3477 2712 3521 eo

453 3547 756 3626 tempore,
804 3561 931 3624 quo
976 3540 1071 3605 hii
1113 3541 1442 3626 paululum
1491 3549 1954 3625 precesserant,
2010 3542 2203 3607 simili
2244 3541 2473 3606 habitu
2516 3543 2711 3608 sarci-

450 3629 751 3709 natisque
794 3628 979 3708 equis
1024 3627 1107 3692 ad
1153 3628 1377 3692 urbem
1421 3633 1757 3693 cantantes
1810 3635 2083 3711 pergunt
2134 3635 2199 3692 et
2249 3649 2365 3713 pro
2418 3629 2613 3694 sociis
2671 3650 2711 3693 a

453 3712 828 3779 custodibus
880 3715 1414 3779 intromittuntur.
1525 3714 1839 3779 Proiectis
1901 3714 2047 3779 ilico
2112 3713 2415 3779 oneribus
2476 3735 2713 3797 magna

451 3820 602 3949 doce
664 3820 732 3865 se
785 3799 1002 3864 hostes
1065 3799 1481 3864 manifestant
1543 3800 1981 3884 episcopisque
2033 3800 2139 3864 vix
2200 3800 2435 3883 elapsis
2498 3800 2712 3864 omnia

497 3886 787 3969 iripiunt.

452 4073 496 4125 a)
522 4077 710 4123 mogunt.
741 4075 793 4113 A.
814 4075 876 4123 S.,
901 4075 1096 4123 mogunt.
1125 4074 1166 4113 2.
1269 4073 1317 4123 b)
1344 4074 1614 4123 Aquisgrani
1641 4075 1683 4115 2.
1788 4073 1831 4124 c)
1852 4084 1965 4124 pene
1991 4076 2017 4114 2
2043 4075 2228 4125 saepius.

455 4211 504 4274 1)
545 4211 832 4266 Gerardus
866 4213 907 4265 I
909 4251 934 4275 .,
980 4212 1300 4266 Everhardi
1343 4213 1593 4266 Alsatiae
1638 4213 1849 4267 comitis
1882 4213 2060 4281 filius,
2103 4214 2201 4281 qui
2240 4213 2477 4267 duxerat
2510 4213 2709 4279 Evam,

449 4279 622 4346 filiam
649 4281 922 4348 Siyifridi,
952 4282 1161 4336 comitis
1187 4281 1669 4349 LuciliburyensiS,
1698 4281 2045 4350 Cuneywndis
2072 4282 2433 4351 imperatricis
2458 4297 2710 4336 sororem.

453 4351 519 4400 L.
591 4347 744 4416 Conf.
781 4347 1020 4404 ‘Jahrb.²
1057 4352 1110 4416 I,
1155 4350 1274 4404 535.
1441 4353 1495 4412 2)
1551 4350 1943 4406 Alt-Breisach
1988 4352 2047 4404 in
2096 4351 2289 4404 demtra
2338 4350 2521 4404 Rheni
2564 4351 2707 4417 ripa.

452 4417 506 4479 3)
561 4417 917 4484 Wernheru85
954 4419 1024 4485 cf.
1051 4435 1227 4486 supra
1255 4419 1402 4472 c.12.
1498 4418 1555 4483 4)
1593 4419 1868 4473 Adalbero
1885 4420 2003 4485 II.;
2042 4417 2111 4486 cf.
2140 4418 2313 4473 Gams
2339 4418 2518 4474 Series
2545 4420 2709 4486 episc.
