3100 5050
203 578 351 630 1012.

79 1946 199 1988 Ann.
211 1946 365 1995 Quedl.

185 2979 298 3017 Nov.
323 2980 356 3016 ι.

79 3747 156 3785 Ps.
169 3747 282 3796 sae.
299 3747 360 3785 ιο.

391 415 492 469 182
907 412 1313 467 THIETMARI
1349 412 1611 467 CHRON.
1681 413 1820 468 LIB.
1856 414 1963 467 VII
2001 415 2135 480 (VI).

389 566 567 629 Tunc
619 566 867 629 cunctis
919 565 1325 647 presentibus
1381 574 1444 629 et
1494 574 1719 650 postea
1773 566 2175 631 venientibus
2214 566 2652 635 ,manifestum

386 649 514 727 fit2,
583 649 756 747 quod
803 652 968 714 hunc
1021 652 1120 714 ira
1176 651 1293 715 Dei
1349 651 1581 715 vindex
1634 652 1904 734 predicti
1956 652 2263 716 facinoris
2318 652 2455 715 sola
2504 672 2654 716 con-

388 742 853 905 sumpgdilbo.)
919 821 1170 885 Interea
1201 820 1572 899 IaremiruS,
1610 821 1689 885 de
1716 842 1844 905 quo
1871 821 2141 905 predixi,
2178 821 2347 903 regis
2379 822 2653 903 gratiam

390 906 769 988 suppliciter
812 913 1036 987 petens
1099 906 1249 988 *pro
1305 906 1749 971 misericordia
1806 913 1871 972 et
1920 907 2337 971 restitucione
2391 907 2654 970 exilium
2682 925 2705 947 *

391 1012 466 1055 ac
519 990 879 1055 custodiam
929 990 1277 1056 Ethelbodi
1332 992 1611 1075 presulis
1632 991 1681 1070 ¹,
1735 992 2026 1058 Ansfridi
2078 993 2467 1056 successoris
2520 992 2655 1075 epi-

391 1076 596 1159 scopi,
653 1077 961 1159 suscepit3
1017 1078 1131 1159 qui
1186 1078 1254 1140 in
1311 1078 1603 1144 inmensa
1656 1077 1808 1141 cede
1855 1077 2292 1141 Bawariorum
2347 1076 2432 1141 ad
2485 1077 2655 1141 Boli—

391 1161 637 1227 zlavum
715 1158 878 1247 [sine
949 1165 1116 1243 regis
1188 1182 1265 1225 ac
1337 1165 1438 1227 sui
1507 1162 1805 1249 licencia]
1882 1183 2028 1227 cum
2098 1162 2469 1227 muneribus
2532 1164 2656 1227 iter

392 1248 724 1329 agencium
789 1254 852 1311 et
901 1247 1348 1311 trucidacione
1401 1247 1528 1311 sibi
1580 1252 2070 1313 commissorum
2140 1254 2206 1313 et
2257 1269 2383 1312 non
2436 1247 2656 1331 aliqua

394 1334 564 1413 regis
633 1331 1016 1397 infidelitate
1099 1332 1295 1396 talem
1369 1335 1727 1417 promeruit
1794 1334 2130 1401 ulcionem.
2246 1333 2464 1399 Nostri
2533 1332 2656 1398 hoc

393 1417 728 1483 audientes
784 1418 1027 1481 inimici
1085 1418 1452 1496 irriserunt;
1511 1420 1719 1484 nostri
1776 1428 1992 1483 autem
2054 1418 2399 1507 [concives]
2459 1418 2529 1483 id
2584 1425 2658 1482 ut

393 1503 515 1567 sibi
568 1503 978 1586 profuturum
1030 1502 1442 1569 timuerunt2.
1551 1505 1636 1570 Et
1686 1505 1813 1568 hiis
1865 1505 2060 1569 liceat
2112 1506 2180 1569 in
2234 1512 2437 1570 semet
2498 1506 2655 1586 ipsis

389 1589 511 1652 hoc
563 1590 804 1653 factum
862 1608 1273 1672 cognoscere,
1330 1591 1442 1670 qui
1504 1590 1571 1653 id
1634 1590 1971 1654 consilium
2032 1592 2170 1673 regi
2230 1596 2448 1655 nostro
2518 1610 2654 1653 um-

389 1696 579 1758 quam
628 1674 881 1739 dedere.
972 1674 1132 1739 Post
1171 1676 1332 1739 haec
1376 1675 1745 1741 Othelricus
1801 1674 2029 1763 [frater
2078 1674 2241 1762 eius]
2299 1676 2380 1740 ad
2421 1674 2653 1739 Merse-

393 1761 553 1842 burg
607 1782 646 1823 a
685 1781 832 1843 rege
874 1766 1132 1824 vocatus
1167 1761 1344 1825 venit
1386 1767 1452 1826 et
1485 1783 1771 1844 regnum,
1832 1761 2002 1844 quod
2039 1761 2160 1825 sibi
2198 1762 2435 1825 iniuste
2471 1762 2651 1842 prius

391 1846 743 1928 usurpavit,
791 1847 1074 1927 gratuito
1120 1866 1382 1911 munere
1427 1847 1769 1931 suscepit3.

564 1930 804 1995 Eadem
860 1937 1243 2014 tempestate
1296 1932 1685 1997 inundantes
1737 1932 1991 2015 pluviae
2047 1952 2124 1996 ac
2170 1953 2237 1997 se
2283 1930 2652 2011 *surgentes

387 2017 638 2097 piratae
687 2016 980 2094 multum,
1028 2037 1144 2097 pro
1191 2017 1402 2081 dolor!
1460 2038 1755 2083 nocuere.

560 2102 630 2165 In
687 2103 795 2167 illo
849 2109 1134 2183 tempore
1188 2102 1541 2169 inundante
1589 2102 1891 2169 Danubio
1946 2102 2014 2165 in
2049 2102 2361 2166 Bawariis
2416 2106 2481 2165 et
2524 2106 2651 2165 sta-

389 2195 624 2269 gnante
672 2188 848 2252 Reno
913 2186 1058 2273 [ita]
1115 2187 1465 2253 ineffabilis
1520 2189 1740 2271 populi
1798 2209 1873 2251 ac
1917 2188 2197 2271 pecoriS,
2261 2185 2652 2251 edificiorum

390 2294 641 2356 quoque
700 2280 764 2338 et
822 2274 1126 2338 silvarum
1185 2275 1302 2337 tali
1357 2276 1585 2358 inpetu
1641 2280 1970 2338 erutarum
2032 2272 2382 2337 multitudo
2442 2272 2652 2355 periit,

389 2360 555 2442 quod
601 2380 820 2424 omnes
859 2360 1082 2423 harum
1123 2359 1524 2423 habitatores
1561 2360 1850 2442 parcium
1890 2380 2007 2422 sua
2041 2358 2139 2422 vel
2178 2365 2653 2423 antecessorum

390 2446 702 2509 memoria
746 2445 814 2509 id
863 2466 1206 2529 numquam
1257 2444 1571 2510 accidisse
1613 2444 1985 2521 firmabant,
2040 2443 2162 2507 hoc
2207 2450 2532 2525 gementes
2578 2463 2657 2505 ex

391 2533 582 2596 variis
647 2532 1026 2596 criminibus
1089 2533 1223 2596 suis
1285 2539 1440 2596 tunc
1507 2533 1793 2596 evenisse
1862 2537 1927 2594 et
1989 2536 2139 2612 post
2192 2530 2354 2594 haec
2407 2527 2653 2612 aliquid

393 2637 686 2699 magnum
709 2619 1012 2680 timentes
1030 2616 1154 2681 sibi
1174 2637 1312 2680 esse
1331 2624 1688 2682 venturum.
1736 2615 2053 2699 Equidem
2080 2616 2265 2699 longe
2294 2616 2657 2697 digressus*

389 2703 670 2769 redeam.

561 2789 661 2852 24.
719 2790 881 2871 (51.)
965 2787 1099 2852 Rex
1145 2809 1185 2851 a
1228 2787 1569 2869 Mersburg
1613 2785 1947 2850 discedens
1992 2787 2249 2869 navigio
2294 2785 2380 2850 ad
2420 2785 2659 2849 Harne-

389 2875 554 2956 burg
591 2875 784 2938 venit.
860 2873 960 2936 Ibi
995 2895 1140 2938 cum
1175 2873 1416 2938 Sclavis
1455 2871 1925 2937 confluentibus
1971 2871 2253 2954 plurima
2296 2871 2659 2935 discuciens

387 2981 548 3040 pace
606 2957 806 3046 [vero]
871 2958 964 3022 ibi
1027 2959 1285 3024 firmata
1355 2957 1550 3022 rediit
1614 2965 1679 3020 et
1732 2957 2013 3021 omnium
2069 2957 2237 3021 festa
2289 2963 2659 3021 sanctorum

389 3047 456 3109 in
516 3044 947 3110 Helmanstidi
1006 3044 1378 3122 celebravit;
1449 3041 1807 3125 deindeque
1867 3043 2299 3107 occidentales
2355 3046 2661 3126 properat

388 3152 663 3195 lnvlsere
708 3152 1016 3214 regiones,
1087 3177 1108 3200 ἃ

561 3217 818 3280 Interea
862 3215 1096 3280 domna
1145 3213 1442 3296 Ludgerd
1487 3213 1681 3277 nimis
1727 3212 2071 3291 infirmata,
2127 3234 2229 3276 me
2273 3213 2429 3295 quia
2473 3212 2660 3276 unice

387 3301 615 3365 dilexit
673 3309 753 3378 et,
811 3309 884 3364 ut
928 3321 1124 3385 supra
1167 3299 1586 3378 memoravi4,
1644 3299 1815 3362 linea
1870 3299 2448 3380 consanguinitatis
2501 3297 2661 3361 mihi

388 3388 604 3451 fuerat
647 3387 1008 3456 coniuncta.
1054 3407 1168 3469 per
1212 3386 1685 3449 internuncium
1732 3385 1995 3449 vocavit.
2100 3383 2223 3447 Sed
2272 3380 2466 3470 [cum]
2513 3392 2663 3464 post

389 3473 882 3554 crepusculumb
925 3472 1007 3536 ad
1044 3471 1504 3548 Walmerstidi,
1551 3471 1662 3534 ubi
1700 3470 1813 3533 illa
1851 3471 2069 3548 iacuit,
2116 3469 2418 3547 venirem,
2466 3468 2659 3531 cami-

390 3566 609 3622 natam
677 3559 1004 3640 ingressus
1061 3557 1188 3621 vidi
1245 3577 1386 3620 eam
1448 3555 1641 3620 nimis
1702 3555 2105 3620 laborantem
2168 3561 2233 3619 et
2294 3554 2374 3618 ob
2436 3553 2560 3617 hoc
2622 3573 2663 3616 a

389 3644 654 3728 spalmis
701 3665 826 3707 non
872 3641 1296 3706 deficientem.
1389 3642 1567 3705 Inter
1611 3662 1771 3724 quos
1817 3641 1937 3705 hoc
1974 3640 2182 3704 solum
2221 3660 2333 3704 ore
2368 3636 2663 3703 volvebat

391 3737 454 3793 et
500 3735 737 3792 mente:
794 3730 930 3807 Me,
985 3729 1308 3811 inquienS,
1363 3728 1629 3812 suscepit
1680 3727 1937 3790 dextera
1988 3737 2127 3805 tua,
2180 3725 2450 3789 Domine
2459 3746 2485 3804 ,·
2538 3723 2665 3806 ipsi

388 3838 531 3879 vero
566 3817 637 3878 in
671 3837 903 3878 vanum
940 3815 1288 3899 quesierunt
1324 3813 1605 3876 animam
1641 3836 1859 3880 meam.
1922 3812 2099 3876 Haec
2126 3811 2373 3875 nullum
2404 3809 2662 3873 omnino

503 3953 560 4018 ³1⁸)
601 3970 634 4008 a
670 3952 844 4020 ceptis
881 3955 1092 4020 tempus
1129 3953 1212 4004 est
1245 3953 1310 4004 ut
1345 3950 1472 4006 add.
1501 3952 1550 4003 2.

392 4065 436 4115 a)
464 4064 571 4104 fecit
598 4063 642 4112 0,
671 4073 780 4101 corr.
803 4063 850 4101 T.
963 4059 1011 4111 b)
1043 4061 1268 4110 crepulum
1299 4072 1404 4100 corr.
1438 4060 1746 4108 crepusculum
1776 4059 1823 4098 T.

398 4161 450 4223 1)
490 4157 791 4212 Adalboldi
821 4156 1067 4222 episcopi
1102 4155 1465 4210 Traiectensis
1503 4152 1933 4220 (lom—1026),
1982 4153 2079 4222 qui
2108 4160 2299 4220 postea
2333 4169 2401 4205 ex
2434 4154 2537 4206 hoc
2562 4167 2663 4219 po·

397 4229 668 4280 tissimum
707 4225 957 4285 chronico
993 4225 1257 4276 hauriens
1291 4224 1462 4278 vitam
1498 4223 1754 4276 Heinrici
1776 4225 1860 4276 ΙΙ.
1896 4224 2041 4288 reyis
2076 4221 2399 4287 conscripsit
2431 4221 2556 4282 (SS.
2575 4222 2613 4273 Ι
2617 4220 2669 4274 V

395 4297 478 4348 ed.
516 4295 749 4356 Waitz)‚·
788 4294 860 4357 cf.
889 4293 954 4346 de
979 4293 1071 4346 illo
1099 4291 1169 4345 ‘J
1169 4293 1340 4345 ahrb.’
1369 4292 1455 4354 II,
1484 4293 1775 4346 296—301.
1912 4291 1965 4356 Ξ)
2006 4291 2203 4344 Dicere
2229 4290 2461 4343 voluisse
2483 4295 2665 4342 noste-r

393 4365 644 4417 videtur:
683 4362 1000 4423 timuerunt,
1028 4363 1093 4413 ut
1121 4359 1178 4413 id
1205 4361 1311 4414 sibi
1338 4359 1615 4428 prodesset
1640 4361 1753 4413 sive
1779 4357 2116 4425 profuturum
2145 4360 2298 4410 esset.
2416 4359 2471 4421 3)
2509 4357 2667 4421 Quod

391 4432 568 4486 tenuit
605 4447 778 4499 usque
815 4432 892 4484 ad
927 4449 978 4484 α.
1009 4431 1160 4484 1037.
1299 4430 1353 4493 4)
1397 4429 1532 4482 Vide
1572 4430 1621 4493 I,
1661 4429 1743 4482 13.

2682 1949 2704 1971 *
2722 1950 2811 1999 sol.
2834 1950 2949 1991 133‘.
