3100 5050
147 712 204 752 cf.
217 711 319 762 Sap.
330 715 368 764 2,
386 715 427 755 8.

219 1646 413 1713 (1012).

452 372 555 425 218
939 368 1344 424 THIETMARI
1378 368 1641 425 OHRON.
1711 370 1849 426 LIB.
1883 371 2019 425 VIII
2057 371 2223 437 (VII).

454 522 589 587 ulla
633 543 781 604 spes
818 527 1079 605 optatae
1117 523 1287 586 venit
1320 524 1654 602 victoriae,
1703 524 1813 588 sed
1851 523 2162 589 vulnerati
2201 533 2429 605 sponte
2464 523 2702 590 disces-

451 614 703 686 cerunt,
772 608 895 672 hoc
954 608 1158 672 solum
1219 616 1573 692 gementes,
1645 609 1818 692 quod
1869 611 1965 674 sic
2006 609 2290 675 fortuitis
2341 609 2407 674 id
2463 609 2702 675 accidit

454 691 731 760 casibus,
820 691 1022 758 Nobis
1080 702 1296 760 autem
1343 696 1666 775 scriptura
1707 694 2005 776 prohibet
2047 695 2306 760 credere
2358 695 2563 761 fatum
2601 695 2702 760 vel

452 801 670 844 casum
716 779 960 863 aliquid
1005 801 1166 846 esse.
1254 781 1425 845 Dani
1465 777 1690 931 {tuncL
1738 782 2029 865 quamvis
2072 779 2440 859 imbecilles,
2494 783 2702 846 socias

451 875 667 930 tamen
701 886 894 930 naves
927 865 1192 930 visitant
1233 872 1297 931 et
1332 868 1463 932 inte
1490 866 1758 950 ligentes
1803 866 1950 932 urbi
1995 867 2299 932 solatium
2333 866 2417 932 ab
2444 867 2703 932 Aethel-

452 958 634 1016 steno
693 954 1035 1037 superstite
1100 958 1165 1017 et
1214 952 1543 1018 Britannis
1603 952 2008 1018 venientibus
2075 950 2294 1017 afferri
2349 953 2701 1018 truncatis⁸

452 1036 779 1102 obsidibus
824 1037 1095 1120 fugiunt.
1186 1038 1271 1102 Et
1304 1038 1597 1104 destruat
1641 1059 1748 1103 eos
1781 1045 1974 1122 atque
2009 1037 2345 1121 disperdat
2378 1045 2703 1120 protector

450 1125 517 1186 in
543 1143 611 1187 se
638 1123 1035 1204 sperantium
1063 1123 1257 1202 Deus,
1294 1145 1374 1189 ne
1400 1145 1706 1207 umquam
1735 1125 1924 1189 solito
1959 1123 2086 1188 hiis
2113 1124 2212 1188 vel
2247 1124 2394 1190 aliis
2429 1132 2703 1190 noceant

450 1207 771 1273 fidelibus!
891 1207 970 1272 In
1032 1211 1357 1293 ereptione
1420 1211 1700 1275 civitatis
1771 1210 1945 1277 illius
2016 1209 2448 1292 gaudeamusb
2511 1216 2575 1276 et
2633 1212 2704 1274 in-

452 1300 706 1359 caetero
750 1293 1102 1378 lugeamus

620 1382 722 1445 42.
787 1381 948 1464 (29.)
1035 1380 1298 1464 Percepi
1367 1402 1624 1464 quoque
1690 1400 1730 1445 a
1798 1381 2010 1446 relatu
2077 1379 2355 1464 predicti
2421 1380 2701 1445 hominis

452 1465 722 1530 Sewaldi
766 1465 1009 1531 factum
1053 1464 1421 1532 miserabile
1466 1488 1541 1532 ac
1587 1466 1827 1531 idcirco
1871 1465 2305 1544 memorabile,
2397 1465 2522 1532 uod
2555 1487 2700 1550 per-

449 1551 582 1616 fida
616 1549 1204 1617 Northmannorum
1252 1573 1478 1618 manus
1519 1552 1680 1617 duce
1723 1552 1806 1617 ad
1840 1552 1962 1617 hoc
2002 1551 2309 1617 Thurkilo
2400 1558 2700 1618 antaraee

450 1635 774 1703 civitatisl
812 1638 1093 1720 egreium
1130 1639 1483 1704 antistitem
1528 1638 1859 1703 Dunsten‘1
1901 1635 2203 1703 nomine2
2248 1659 2394 1702 cum
2429 1639 2700 1703 caeteris

450 1729 755 1806 caperent
825 1731 889 1788 et
950 1723 1219 1789 vinculis
1288 1730 1353 1788 et
1421 1723 1640 1789 inedia
1705 1744 1783 1788 ac
1843 1722 2151 1789 ineffabili
2209 1735 2454 1806 poenae
2523 1743 2700 1788 more

449 1808 601 1873 *suo
647 1808 923 1874 nefando
968 1811 1521 1893 constringerentf.
1602 1809 1722 1874 Hic
1765 1809 2048 1875 humana
2089 1815 2303 1874 motus
2345 1808 2699 1892 fragilitate

447 1895 785 1978 pecuniam
851 1896 943 1960 eis
995 1897 1313 1979 promittit
1365 1903 1429 1961 et
1480 1895 1566 1960 ad
1618 1894 1785 1959 hanc
1847 1895 2352 1979 impetrandamss
2403 1895 2698 1959 inducias

447 1979 683 2064 posuit,
721 1989 810 2058 ut,
849 1982 904 2044 si
939 1983 1006 2045 in
1038 1982 1161 2046 hiis
1189 1981 1569 2065 acceptabili
1594 1981 2030 2064 redemptione
2057 1987 2324 2046 mortem
2353 1988 2699 2046 momenta-

446 2087 633 2131 neam
697 2067 965 2132 evadere
1026 2068 1438 2150 nequivisset,
1509 2074 1712 2132 semet
1772 2067 1980 2150 ipsum
2041 2066 2386 2150 gemitibus
2456 2066 2698 2131 crebris

448 2152 707 2218 interim
763 2158 1073 2236 purgaret
1134 2153 1411 2216 hostiam
1472 2153 1744 2218 Domino
1805 2153 2010 2217 vivam
2079 2153 2169 2217 ad·
2218 2150 2698 2222 immolandum.

448 2239 819 2304 Transactis
854 2245 1007 2304 tunc
1034 2238 1331 2303 omnibus
1370 2239 1721 2322 designatis
1759 2238 2152 2322 temporibus
2188 2259 2385 2302 vorax
2408 2239 2702 2322 picarum

448 2324 731 2389 caribdis
796 2325 917 2390 Dei
977 2324 1288 2389 famulum
1364 2333 1585 2390 evocat
1646 2331 1712 2388 et
1769 2322 1894 2389 sibi
1963 2326 2346 2408 promissum
2406 2324 2702 2390 celeriter

447 2409 723 2493 persolvi
757 2411 1074 2476 tributum
1107 2409 1449 2475 minaciter
1481 2411 1782 2495 postulat.
1878 2409 1964 2475 Et
1997 2410 2104 2474 ille
2139 2417 2214 2475 ut
2256 2410 2434 2474 mitis
2470 2429 2698 2493 agnus:

448 2497 692 2562 ‘Presto
738 2517 878 2561 sum
892 2497 928 2575 ,’
982 2497 1217 2581 inquit,
1273 2502 1558 2579 ‘paratus
1610 2495 1692 2561 ad
1738 2496 1980 2576 omnia,
2040 2516 2204 2580 quae
2255 2497 2323 2561 in
2375 2517 2478 2561 me
2529 2516 2698 2561 nunc

443 2584 815 2666 presumitis
860 2583 1096 2661 facere3
1143 2604 1221 2647 ac
1266 2582 1508 2648 Christi
1552 2603 1789 2660 amore,
1845 2588 1917 2647 ut
1960 2603 2225 2647 suorum
2268 2603 2519 2650 merear
2559 2582 2699 2646 fieri

448 2669 805 2753 exemplum
858 2690 1211 2748 servorum,
1266 2690 1393 2734 non
1446 2690 1588 2733 sum
1633 2667 1826 2733 hodie
1877 2668 2197 2735 turbatus.
2295 2668 2477 2745 Quod
2521 2666 2698 2733 vobis

446 2754 721 2819 mendax
778 2754 1022 2834 videor,
1083 2774 1215 2819 non
1268 2775 1415 2819 mea
1473 2755 1797 2833 voluntas,
1860 2753 1972 2819 sed
2033 2754 2179 2819 dira
2237 2752 2435 2819 efficit
2493 2751 2698 2841 [mihi]

447 2848 715 2923 egestae.
798 2840 1042 2924 Corpus
1077 2840 1200 2905 hoc
1237 2861 1466 2919 meum,
1510 2840 1682 2924 quod
1717 2841 1785 2905 in
1818 2839 1942 2905 hoc
1977 2840 2169 2905 exilio
2206 2860 2402 2924 supra
2441 2839 2697 2905 modum

448 2926 664 3005 dilexi,
702 2925 881 2991 vobis
914 2926 1233 3010 culpabile
1271 2924 1469 2991 offero
1507 2935 1590 3005 et,
1627 2926 1822 3011 quidh
1859 2925 1938 2991 de
1975 2946 2049 2991 eo
2081 2926 2358 3005 faciatiS,
2395 2926 2463 2989 in
2491 2932 2701 2991 vestra

446 3033 586 3077 esse
627 3018 949 3095 potestate
996 3032 1333 3095 cognosco;
1393 3013 1676 3077 animam
1713 3018 1926 3077 autem
1962 3013 2220 3077 meimet
2251 3011 2700 3093 pec*catricem
2729 3032 2754 3056 *
2818 3064 2832 3075 .

448 3098 739 3163 Creatori
784 3100 1083 3177 omnium,
1139 3119 1247 3163 vos
1292 3118 1420 3162 non
1462 3098 1926 3183 respicientem,
1981 3098 2277 3182 supplex¹
2329 3096 2697 3163 committo.'

615 3185 718 3249 43.
764 3183 950 3247 Talia
975 3184 1339 3267 loquentem
1365 3184 1782 3268 profanorum
1811 3204 2038 3266 agmen
2068 3183 2330 3248 vallavit
2357 3190 2422 3248 et
2446 3182 2700 3247 diversa

445 3268 616 3333 hunc
679 3268 763 3334 ad
823 3267 1336 3335 interficiendum
1398 3290 1580 3335 arma
1633 3269 1942 3352 congerit.
2038 3268 2222 3347 Quod
2273 3290 2418 3333 cum
2477 3288 2700 3332 eorum

444 3352 619 3505 [duxi]
657 3354 920 3420 Thurcil
954 3376 995 3419 a
1028 3356 1216 3439 longe
1248 3355 1533 3436 vidisset,
1569 3355 1862 3420 celeriter
1895 3374 2263 3420 accurrens:
2311 3353 2443 3433 ‘Ne,
2480 3373 2698 3436 quesO,

446 3442 537 3505 sic
610 3441 887 3510 aciatis!’
950 3440 1110 3507 infit.
1210 3442 1472 3507 ‘Aurum
1520 3448 1586 3506 et
1629 3446 1963 3524 argentum
2018 3447 2083 3505 et
2126 3460 2328 3518 omne,
2378 3439 2548 3523 quod
2592 3438 2698 3503 hic

442 3525 650 3593 habeo
705 3528 802 3591 vel
855 3527 987 3592 ullo
1042 3526 1231 3591 modo
1285 3528 1621 3611 acquirere
1672 3546 1964 3612 possum,
2020 3532 2288 3612 excepta
2339 3526 2485 3589 navi
2539 3524 2695 3606 sola,

442 3634 525 3677 ne
567 3614 635 3677 in
681 3613 993 3679 christum
1031 3614 1288 3679 Domini
1331 3614 1628 3696 peccetis,
1673 3611 1894 3678 libenti
1937 3612 2151 3677 animo
2186 3612 2366 3677 vobis
2402 3609 2698 3676 omnibus

444 3697 673 3764 trad0.’
775 3699 928 3763 Tam
989 3698 1162 3765 dulci
1214 3697 1416 3763 affatu
1482 3698 1805 3765 infrenata
1866 3699 2184 3763 sociorum
2246 3700 2346 3763 ira
2401 3698 2574 3762 ferro
2634 3702 2701 3761 et

446 3786 619 3850 saxis
682 3784 903 3851 durior
970 3805 1101 3849 non
1162 3786 1472 3864 mollitur,
1557 3785 1671 3850 sed
1729 3783 1928 3849 effuso
1998 3785 2325 3849 innocenti
2387 3783 2698 3866 sanguine

444 3871 768 3954 placatur,
846 3893 1033 3955 quem
1106 3872 1529 3936 communiter
1598 3869 1915 3955 capitibus
1984 3869 2177 3935 boum
2249 3876 2314 3935 et
2381 3868 2698 3934 imbribus

444 3955 729 4039 lapidum
766 3963 961 4040 atque
994 3957 1314 4040 lignorum
1349 3956 1670 4023 infusione
1705 3956 2034 4040 *protinus
2075 3954 2431 4022 effundunt.
2520 3953 2699 4019 Inter

446 4110 490 4161 a)
526 4111 763 4150 trunci-‚atis
791 4114 831 4152 1.
952 4109 1001 4160 b)
1040 4110 1281 4159 gaudemus
1308 4112 1362 4160 B,
1388 4122 1413 4152 e
1438 4110 1540 4151 add.
1563 4112 1613 4153 Τ.
1734 4110 1776 4160 c)
1809 4115 2014 4167 cantvarg
2040 4122 2146 4151 corr.
2177 4110 2222 4151 V.
2343 4110 2390 4160 d)
2422 4109 2618 4150 dunstan
2653 4109 2701 4149 V.

445 4165 490 4208 e)
519 4174 543 4202 ο
563 4174 726 4202 eranum
747 4167 786 4203 1.
893 4162 929 4212 τ’)
955 4163 1251 4211 constingeret
1268 4164 1310 4203 1.
1415 4164 1461 4214 g)
1490 4163 1747 4213 patrandam
1764 4165 1804 4203 1.
1908 4162 1958 4212 h)
1986 4154 2050 4212 qd'
2061 4166 2103 4203 1.
2206 4161 2238 4212 ί)
2266 4162 2422 4211 suplex
2439 4162 2640 4200 commito
2658 4162 2696 4201 1.

450 4266 500 4331 1)
539 4264 895 4334 Canterbury.
1036 4266 1089 4331 2)
1124 4269 1213 4321 De
1246 4268 1497 4335 Elpheqo
1531 4268 1939 4335 archiepiscopo
1975 4262 2379 4333 (loce—1012),
2425 4268 2523 4335 qui
2554 4282 2700 4320 anno

448 4336 597 4459 {1301}
597 4336 743 4458 ehggl
742 4336 927 4457 ὖιὲἵιξῖοο
930 4336 1099 4457 Βῖἒῗί,
1123 4351 1243 4458 ἴση
1278 4352 1399 4390 vero
1427 4337 1494 4390 de
1520 4338 1836 4402 Dunstavw,
1863 4342 2196 4391 antecessore
2221 4335 2337 4387 eius
2366 4334 2702 4401 (959-988),

2730 1832 2754 1855 *
2771 1834 2868 1883 sol.
2886 1836 2991 1876 160‘.

2729 3975 2752 3997 *
2771 3977 2880 4025 sol.
2903 3980 3006 4023 161.
