3100 5050
210 564 362 621 1004.

251 657 370 706 Aug.

77 3095 207 3146 virg.
245 3097 362 3139 Aen.

115 3147 204 3199 111,
231 3151 322 3190 179.

399 402 502 457 140
1012 398 1419 455 THIETMARI
1453 396 1715 454 CHRON.
1784 398 1924 453 LIB.
1963 398 2057 455 vL

397 552 557 618 sulis
611 552 783 631 suil,
847 552 927 618 de
992 552 1272 617 adventu
1331 551 1541 615 nostri
1596 551 1916 616 exercitus
1968 550 2255 635 loquitur
2324 557 2389 615 et
2440 550 2524 616 ab
2581 571 2657 616 eo

397 658 549 702 mox
593 636 885 715 auditus,
939 636 1096 720 quid
1141 637 1400 715 diceret,
1444 640 1732 719 rogatur.
1835 636 1957 701 Cui
1999 656 2308 717 responsa
2349 635 2659 701 referenti

395 728 536 788 tum
588 721 694 787 id⁸
746 720 917 787 infit:
983 721 1074 787 ‘Si
1124 726 1426 803 reperent
1477 727 1551 784 ut
1592 740 1820 798 ranae,
1874 721 2005 784 iam
2059 727 2322 803 possent
2374 721 2499 785 huc
2544 720 2659 785 ad-

395 807 688 873 venisse.’
785 807 872 870 Et
913 827 1134 872 verum
1187 812 1285 870 est
1338 804 1543 891 [hoc],
1600 805 1701 869 *ni
1744 806 2101 889 asspiraret
2142 806 2397 890 regemb
2443 806 2657 870 divina

393 892 601 976 pietas
646 899 712 956 et
752 892 925 957 hunc
966 911 1098 956 non
1133 888 1390 955 inflaret
1437 890 1737 973 superbie
1782 892 2299 973 magnanimitas,
2345 910 2473 955 non
2508 911 2657 975 pro-

394 977 643 1042 veniret
686 976 871 1043 nobis
914 982 1046 1041 tam
1096 974 1312 1041 subito
1354 975 1661 1039 victoriae
1706 977 2121 1059 prosperitas.

569 1067 669 1130 11.
767 1061 1032 1126 Adiuvit
1091 1061 1296 1126 eciam
1357 1080 1572 1144 regem
1635 1060 1841 1124 exulis
1906 1060 2224 1139 laremiri,
2297 1061 2411 1145 qui
2468 1059 2657 1125 firma

393 1167 521 1230 pax
557 1148 1020 1231 interpretatur
1033 1143 1081 1224 2,
1125 1145 1493 1223 comitatuS,
1539 1151 1606 1210 et
1638 1144 1989 1229 adoptatus
2024 1146 2309 1211 eiusdem
2345 1146 2656 1212 adventus

393 1232 799 1297 Boemiorum
857 1230 1149 1295 delinivit
1206 1250 1451 1314 agmen.
1555 1230 1803 1295 Horum
1856 1232 2157 1296 consultu
2210 1238 2275 1295 et
2325 1231 2655 1296 vocatione

393 1318 535 1401 regi
576 1317 880 1381 introitus
921 1314 1233 1401 patefecit
1275 1321 1341 1379 et
1381 1317 1448 1378 in
1491 1315 1635 1398 ipsa
1679 1316 1961 1398 regionis
2003 1317 2191 1381 istius
2226 1318 2425 1381 ianua
2457 1337 2657 1381 unum

394 1400 775 1467 castellum3
811 1422 932 1466 sua
965 1399 1173 1465 eidem
1210 1405 1436 1484 sponte
1469 1399 1772 1468 reddidit.
1841 1402 1979 1466 Rex
2012 1412 2306 1485 propter⁰
2331 1402 2656 1467 Bawarios

393 1486 680 1552 nondum
741 1485 1160 1551 adventantes
1233 1484 1489 1550 tardato
1566 1484 1901 1569 paululum
1969 1487 2201 1551 itinere
2278 1486 2363 1552 ad
2432 1485 2654 1551 urbem

394 1570 611 1637 Satzi4
637 1571 875 1637 dictam
907 1570 1080 1635 venit
1110 1577 1175 1635 et
1207 1571 1496 1635 concives
1531 1568 1671 1649 hos,
1692 1580 1913 1651 portas
1949 1571 2072 1636 sibi
2108 1572 2259 1636 ilico
2294 1572 2656 1655 aperientes

393 1663 459 1721 et
493 1657 768 1721 Polenos
814 1658 988 1720 intus
1029 1655 1312 1739 presidio
1355 1655 1606 1739 positos
1652 1654 2037 1735 occidentes,
2083 1658 2315 1721 suimet
2356 1657 2659 1739 cognovit

391 1742 652 1809 amicos.
738 1740 982 1806 Videns
1033 1762 1147 1805 rex
1197 1746 1449 1805 tantam
1503 1746 1784 1823 stragem
1839 1747 2271 1806 commovetur
2324 1750 2393 1806 et
2435 1762 2655 1825 super-

393 1826 580 1891 stites
631 1827 700 1889 in
752 1846 882 1891 una
934 1825 1221 1909 precepit
1271 1826 1587 1890 aecclesia
1638 1825 1909 1893 retrudi.
2007 1826 2209 1891 Adest
2250 1828 2483 1906 eciam,
2544 1827 2657 1909 qui

390 1910 786 1975 Bolizlavum
839 1934 880 1973 a
931 1909 1577 1993 comprovincialibus
1630 1931 1771 1975 esse
1823 1911 2277 1995 interemptum
2321 1933 2437 1993 pro
2482 1920 2657 1977 certo

390 1995 682 2060 referret.
770 1996 1084 2059 Letantur
1127 1996 1192 2057 in
1240 1995 1376 2060 Deo
1419 1995 1777 2060 familiares
1820 1998 2020 2077 regis,
2075 1998 2486 2081 corruptique
2541 1996 2657 2060 tri-

391 2085 646 2145 stantur
708 2079 998 2145 fautores
1059 2079 1410 2144 adulterini
1471 2079 1673 2145 ducis.
1789 2080 1901 2144 Hii
1961 2080 2233 2146 invicem
2296 2088 2654 2147 mussantes

391 2186 472 2230 ex
524 2166 754 2229 iniusti
807 2163 1022 2229 cordis
1075 2165 1178 2229 sui
1237 2166 1584 2229 secretario
1645 2164 1766 2229 hoc
1827 2186 2163 2231 evomuere
2223 2167 2651 2231 mendacium:

388 2250 446 2315 si
498 2272 610 2315 rex
667 2270 974 2333 umquam
1027 2250 1096 2313 in
1149 2249 1322 2313 bona
1375 2250 1725 2315 securitate
1777 2252 2184 2329 consisteret,
2240 2272 2309 2315 se
2360 2258 2517 2316 tunc
2570 2252 2653 2315 ad

389 2334 661 2399 nihilum
698 2334 910 2399 valere
945 2335 1273 2417 multaque
1315 2333 1398 2399 ab
1425 2355 1503 2399 eo
1529 2336 1669 2419 pati
1696 2337 2024 2401 contraria
2060 2336 2311 2401 debere.
2388 2336 2657 2420 Propter

388 2418 512 2484 hoc
572 2420 818 2484 latente
883 2419 1166 2497 igniculo
1223 2419 1344 2483 sub
1409 2420 1623 2485 cinere
1680 2418 1783 2484 *in
1838 2420 1959 2485 hoc
2013 2421 2245 2486 itinere
2298 2440 2376 2485 ac
2427 2428 2657 2505 postea

389 2505 722 2589 sepissime
766 2506 903 2587 regi
947 2525 1064 2570 suo
1108 2512 1486 2570 cunctorum
1532 2504 1782 2572 hostem
1827 2505 2113 2571 fidelium
2160 2506 2368 2571 brutis
2402 2508 2657 2591 peiores

385 2590 777 2654 animalibus
822 2597 1306 2674 preposuerunt,
1361 2591 1759 2672 ignorantes,
1818 2591 1991 2674 quod
2036 2591 2120 2654 ab
2164 2613 2381 2657 eorum
2427 2592 2655 2658 fraude

386 2675 699 2740 vicarium
758 2676 992 2740 suimet
1044 2676 1113 2739 in
1164 2677 1356 2740 terris
1410 2676 1587 2740 Deus
1639 2681 1826 2760 pater
1877 2677 2227 2758 ingenitus,
2288 2677 2657 2759 speculator

389 2759 683 2844 desuper,
727 2759 1122 2824 liberaturus
1167 2769 1312 2824 erat
1358 2780 1392 2843 e
1439 2761 1659 2825 caelis.

562 2848 659 2912 12.
707 2844 828 2932 (9.)
899 2845 1078 2910 Tunc
1123 2845 1460 2910 Iarimirus
1503 2847 1688 2910 iussu
1731 2845 1903 2926 regis
1947 2865 2092 2909 cum
2134 2846 2396 2929 optimis
2433 2847 2655 2913 militi-

383 2928 507 2994 bus
561 2951 639 2994 ex
694 2930 933 2994 nostris
987 2951 1066 2994 ac
1121 2951 1264 2994 cum
1307 2930 1538 3009 incolis
1584 2929 1711 2995 sibi
1754 2929 2214 2995 adherentibus
2267 2931 2351 2996 ad
2395 2933 2652 3014 capien-

383 3013 537 3078 dum
583 3036 696 3080 seu
753 3014 1175 3080 occidendum
1232 3020 1591 3097 serpentem
1635 3035 2017 3080 venenosum
2063 3016 2339 3099 Pragam
2390 3019 2653 3100 premit-

389 3099 570 3165 titur.
652 3099 855 3177 Quem
899 3106 1405 3182 preoccupantes
1449 3099 1671 3164 nuncii
1707 3101 2213 3183 prescriptorum
2259 3125 2387 3166 rem
2435 3104 2654 3168 ordine

380 3185 672 3267 pandunt
724 3184 1050 3248 Bolizlavo
1114 3183 1194 3248 de
1248 3183 1363 3248 tali
1406 3184 1695 3267 periculo
1746 3185 1927 3268 prius
1974 3206 2218 3254 securo,
2314 3185 2439 3251 Hic
2479 3187 2651 3270 lega-

382 3267 562 3332 tione
627 3267 744 3332 tali
812 3269 1238 3333 commonitus
1313 3269 1478 3332 clam
1546 3291 1615 3334 se
1682 3271 2051 3352 preparavit
2114 3279 2181 3335 et
2233 3271 2648 3353 subsequenti

381 3360 572 3416 nocte
628 3353 759 3417 iam
813 3353 1138 3418 mediante
1195 3353 1466 3419 audiens
1509 3355 1581 3418 in
1624 3353 1784 3419 urbe
1826 3355 2151 3438 proxima,-
2204 3377 2369 3438 quae
2414 3356 2650 3422 Wisse-

2685 828 2706 851 *
2724 826 2811 877 soz.
2831 826 2938 869 ιον.

2696 2438 2718 2461 *
2737 2440 2821 2489 sol.
2844 2440 2937 2480 103.

381 3436 614 3519 gredi-'⁵
665 3437 932 3518 dicitur,
987 3454 1336 3522 campanas
1389 3439 1558 3504 cives
1611 3439 1697 3504 ad
1748 3439 1989 3505 bellum
2049 3441 2267 3506 sonitu
2317 3440 2651 3507 hortantes
2722 3450 2729 3455 “

382 3542 534 3619 cum
559 3522 772 3606 prima
806 3522 1056 3607 legione
1091 3525 1290 3588 exivit
1334 3530 1398 3588 et
1447 3526 1729 3606 patriam
1774 3523 2076 3607 fugiendo
2104 3525 2354 3592 revisit.
2445 3527 2649 3605 Quem

381 3606 716 3672 Zeb1zlovo
730 3607 786 3686 ⁶,
851 3609 1057 3674 frater
1101 3608 1502 3674 Adthelberti
1562 3609 1839 3693 presulis
1904 3616 1968 3674 et
2020 3609 2263 3674 Christi
2323 3612 2648 3693 martyriS,

381 3692 820 3776 subsequutus
872 3694 940 3757 in
991 3699 1184 3778 ponte
1237 3694 1607 3759 vulneratus
1660 3695 1931 3779 oppetiit
1983 3703 2047 3759 et
2098 3717 2403 3778 magnum
2448 3697 2649 3761 hosti-

380 3826 424 3880 a)
449 3827 501 3867 m
527 3839 634 3868 corr.
663 3828 710 3868 id
736 3832 774 3869 1.
879 3827 927 3871 b)
951 3831 1046 3878 reg!
1071 3827 1261 3870 radendo
1285 3832 1376 3880 atqu
1402 3841 1508 3870 corr.
1537 3833 1578 3871 1.
1682 3831 1725 3880 c)
1752 3833 1897 3881 proter
1922 3834 1961 3872 1.

381 3912 438 3994 12
473 3913 880 3982 Golberqiemis,
908 3915 980 3982 cf.
1009 3933 1182 3984 supra
1208 3917 1317 3982 IV,
1344 3917 1429 3971 45.
1541 3917 1597 3982 2)
1633 3916 1725 3970 Iar
1744 3918 1928 3984 polan.
1955 3937 2026 3961 ==
2052 3933 2158 3980 ver,
2182 3916 2305 3987 jary
2331 3938 2400 3962 =
2425 3934 2644 3985 vernam,

378 3983 1022 4107 Ἢέἅεᾲηῗῖᾱῖιρξὲ·
1045 3984 1574 4108 »3ῗὼέαὶῗέΟέ
1614 3985 1783 4118 '⁷1¹3
1813 3987 1988 4108 ⁷2³2.
2004 3987 2647 4110 samagam

376 4124 626 4173 vocatum
641 4139 662 4187 ‚-
697 4093 938 4199 ‘Jaftrb’ss
976 4093 1025 4184 I',
1059 4123 1180 4176 317.
1331 4120 1386 4186 4)
1437 4093 1627 4176 ἐααεὲ.
1776 4121 1831 4184 5)
1879 4123 1931 4174 Ι.
1967 4139 2011 4176 e.
2048 4095 2348 4190 Hochb'ury
2382 4123 2645 4193 (wysoky‚

379 4201 617 4253 compar.
655 4203 704 4240 w
767 4185 812 4256 ἒ]
852 4188 1054 4243 bohem.
1079 4209 1150 4233 =
1175 4189 1339 4255 altus,
1375 4188 1512 4258 grod
1541 4191 1672 4256 pol„
1707 4186 1842 4243 hrad
1878 4190 1995 4244 boh.
2022 4209 2092 4234 =
2117 4192 2421 4254 castellum)
2434 4211 2453 4256 ,·
2488 4191 2647 4246 hodie

387 4253 684 4334 Wyssehra
727 4296 740 4309 .
801 4323 811 4334 ι
913 4256 968 4320 6)
1019 4257 1131 4312 Hic
1175 4275 1212 4312 a
1257 4255 1452 4312 Uos-ma
1494 4257 1622 4321 (SS.
1659 4259 1779 4319 IX)
1824 4275 1868 4311 c.
1902 4259 1973 4311 29
2017 4259 2329 4325 appellatur
2374 4260 2642 4314 sobebor.-

379 4329 696 4378 accuramus
729 4325 902 4392 iystwr
933 4340 1128 4380 nomen
1162 4325 1509 4382 gemendum
1545 4332 1628 4381 est
1662 4324 1946 4380 Sobi-slaw
1981 4332 2031 4380 et
2063 4327 2343 4395 siqnificat
2374 4342 2517 4393 eum,
2552 4329 2650 4396 qui

377 4388 505 4445 ‘sibi
532 4392 785 4460 gloriam’
815 4398 998 4460 petat3
1035 4393 1106 4461 cf.
1142 4395 1182 4446 I
1193 4394 1255 4461 V,
1290 4395 1374 4448 45.

3053 226 3087 307 ..A
