3100 5050
438 424 541 479 236
926 419 1333 475 THIETMARI
1366 418 1631 476 CHRON.
1699 420 1838 476 LIB.
1873 421 2008 476 VIII
2045 423 2210 490 (vn).

440 572 773 658 modisque
833 572 899 637 id
960 572 1301 654 prohibere
1362 573 1527 638 clam
1590 575 1956 656 temptavit3
2020 575 2202 658 quia,
2247 575 2418 640 sicut
2459 575 2686 640 beatus

439 658 675 724 asserit
716 657 1079 742 Gregorius,
1124 670 1371 724 terrena
1413 659 1684 724 altitudo
1725 660 2156 745 confunditur,
2208 683 2346 726 cnm
2395 661 2692 726 celsitudo

440 745 717 810 caelestis
758 746 1062 830 aperitur.
1150 745 1287 810 Rex
1332 745 1566 810 etenim
1611 753 1856 824 noster,
1910 746 2200 828 quamvis
2252 747 2444 814 homo
2497 757 2687 826 esset,

442 830 647 896 zelum
700 830 821 895 Dei
872 829 1104 895 habuit
1155 838 1221 895 et
1272 838 1647 896 sanctarum
1702 831 2016 898 violentas
2070 832 2492 916 predaciones
2545 855 2690 898 aec-

440 916 779 982 clesiarum
852 915 1043 981 fortis
1113 923 1400 982 armatus
1456 916 1819 984 vendicavit
1883 918 2174 1002 hancque
2231 918 2690 1002 benignitatem

440 1003 564 1066 nisi
617 1003 887 1068 caelitus
942 1000 1115 1090 [sibi]
1171 1001 1566 1087 *prestitam,
1617 1025 1745 1070 non
1797 1002 2048 1083 habuit3
2101 1003 2222 1069 iste
2275 1009 2572 1070 terrenus
2624 1011 2690 1070 et

443 1095 677 1153 natura
729 1096 793 1153 et
847 1087 1103 1153 actibus
1146 1089 1443 1172 voragine
1488 1090 1822 1155 cenulenta
1864 1091 2064 1154 traxit
2097 1091 2164 1154 in
2198 1088 2483 1174 predam,
2521 1089 2693 1173 quod

440 1173 783 1239 multorum
829 1172 1063 1239 devota
1108 1195 1337 1239 manus
1381 1173 1467 1239 ad
1519 1195 1698 1242 aram
1752 1175 2189 1259 apostolorum
2239 1196 2356 1260 pro
2406 1177 2690 1262 peccatis

440 1261 797 1342 congessit*
854 1260 919 1323 in
981 1260 1279 1325 hostiam.
1385 1261 1509 1339 Qui
1572 1282 1718 1326 cum
1785 1283 1913 1326 non
1984 1261 2176 1344 longe
2243 1268 2391 1345 post
2460 1261 2687 1342 obiret,

440 1345 683 1428 duplici
742 1345 1023 1424 ulcione,
1084 1353 1159 1412 ut
1225 1365 1467 1424 vereor,
1538 1347 1976 1426 confunditur3
2051 1353 2114 1412 et
2184 1345 2415 1412 domno.
2483 1369 2688 1433 papae

440 1433 753 1496 securitas
798 1433 1064 1517 regique
1108 1438 1325 1496 nostro
1370 1431 1648 1517 amplior
1690 1442 1979 1516 potestas
2023 1434 2332 1516 aperitur.

610 1517 713 1584 72.
760 1517 922 1602 (52.)
982 1516 1271 1602 Amplius
1322 1517 1706 1601 progrediar
1757 1518 2148 1604 disputando
2205 1519 2503 1603 regisque
2561 1519 2688 1584 Ru-

440 1623 693 1667 scorum
744 1602 1181 1668 wlodemirib·
1202 1603 1225 1648 ¹
1272 1604 1596 1669 accionem
1641 1605 1926 1688 iniquam
1970 1605 2479 1688 perstringendo.
2569 1604 2690 1670 Hic

439 1709 479 1752 a
526 1687 759 1753 Grecia
803 1688 1041 1754 ducens
1086 1709 1376 1768 uxorem,
1432 1689 1743 1754 Helenam
1791 1688 2122 1778 [nomine],
2177 1692 2428 1756 tercioss'
2467 1689 2690 1756 Ottoni

438 1773 922 1858 desponsatam,
1000 1774 1114 1840 sed
1182 1777 1243 1840 ei
1310 1774 1724 1841 fraudulenta
1793 1775 2146 1842 calliditate
2229 1775 2626 1842 subtractam
2639 1775 2688 1855 ²,

440 1858 938 1925 christianitatis
972 1866 1236 1926 sanotae
1271 1859 1461 1926 fidem
1500 1863 1638 1926 eius
1675 1869 1892 1927 ortatu
1928 1862 2229 1945 suscepit,
2276 1881 2468 1946 quam
2503 1864 2690 1929 iustis

438 1944 738 2026 operibus
798 1967 927 2011 non
987 1947 1253 2014 ornavit.
1360 1947 1522 2012 Erat
1583 1948 1754 2012 enim
1809 1948 2164 2014 fornicator
2219 1948 2569 2012 immensus
2626 1956 2692 2014 et

439 2030 718 2096 crudelis
762 2051 1186 2116 magnamque
1239 2033 1363 2097 vim
1409 2033 1656 2098 Danais
1700 2033 2000 2100 mollibus
2043 2034 2326 2116 ingessit.
2400 2033 2522 2098 Hic
2557 2043 2690 2101 tres

440 2117 683 2182 habens
748 2116 961 2182 ffli0s³
1024 2119 1134 2182 uni
1188 2117 1449 2182 eorum4
1502 2118 1807 2184 Bolizlavi
1859 2119 2042 2186 ducis
2094 2121 2426 2204 nostrique
2478 2141 2688 2203 perse-

438 2203 678 2268 cutoris
720 2201 920 2268 filiam
966 2203 1033 2267 in
1077 2204 1556 2269 matrimonium
1601 2203 1808 2282 duxit,
1869 2227 2014 2270 cum
2059 2226 2188 2288 qua
2229 2206 2465 2270 missus
2507 2213 2608 2271 est
2649 2228 2690 2272 a

441 2288 698 2355 Polenis
751 2288 1153 2355 Reinbernus
1218 2290 1436 2373 presul
1494 2289 1716 2355 Salsae
1771 2289 2283 2374 cholbergiensis
2297 2293 2344 2356 ⁵.
2446 2292 2562 2356 Ille
2621 2293 2688 2356 in

437 2396 605 2460 pago
650 2375 988 2458 Hassegun
1030 2374 1203 2440 dicto
1240 2383 1433 2442 natus
1466 2375 1847 2459 liberalique
1883 2377 2152 2443 scientia
2189 2399 2229 2442 a
2262 2375 2688 2463 prudentibus

442 2462 769 2545 magistris
822 2462 1131 2528 educatus
1192 2462 1463 2547 gradum
1514 2463 1939 2548 episcopalem
1991 2463 2302 2541 ascendit,
2355 2469 2428 2529 ut
2480 2484 2688 2549 spere,

438 2548 689 2631 dignus.
779 2548 1102 2626 Quantum
1147 2556 1363 2614 autem
1406 2550 1475 2613 in
1520 2571 1678 2615 cura
1731 2549 1855 2615 sibi
1907 2550 2250 2616 commissa
2299 2549 2690 2616 laboraverit

436 2632 626 2712 idem,
670 2653 801 2698 non
846 2654 1023 2699 meae
1068 2632 1309 2701 sufficit
1352 2636 1670 2702 scienciae
1714 2657 1829 2700 nec
1867 2637 2060 2702 etiam
2097 2634 2458 2703 facundiae.
2513 2637 2688 2701 Fana

439 2719 752 2785 idolorum
808 2718 1142 2785 destruens
1194 2721 1481 2787 incendit
1532 2729 1600 2787 et
1647 2742 1824 2787 mare
1876 2721 2252 2788 demonibus
2297 2722 2538 2787 cultum
2591 2724 2690 2787 in-

441 2806 651 2871 missis
708 2812 985 2889 quatuor
1039 2804 1361 2889 lapidibus
1414 2828 1599 2874 sacro
1652 2808 1956 2873 crismate
2017 2808 2343 2891 perunctis
2396 2815 2462 2873 et
2517 2828 2689 2893 aqua

438 2912 719 2975 purgans
778 2890 1113 2957 benedicta
1166 2912 1394 2957 novam
1440 2893 1750 2959 *Domino
1803 2894 2220 2978 omnipotenti
2271 2894 2686 2979 propaginem

438 2980 505 3042 in
531 2978 974 3043 infructuosa‘¹
999 2978 1251 3055 arbore,
1287 2978 1355 3043 id
1391 2984 1489 3044 est
1522 2979 1591 3043 in
1628 2977 1866 3064 populo
1899 2980 2089 3045 nimis
2125 2980 2390 3055 insuls0,
2427 2988 2690 3046 sanctae

437 3063 905 3147 predicacionis
940 3063 1409 3147 plantacionem
1438 3063 1681 3129 eduxit.
1757 3064 2136 3149 Vigiliarum
2165 3075 2230 3132 et
2255 3064 2690 3131 abstinenciae

438 3170 515 3213 ac
551 3149 799 3214 silencii
824 3148 1207 3214 assiduitate
1233 3170 1467 3233 eorpus
1496 3172 1682 3215 snum
1720 3148 2011 3235 affligens
2048 3164 2194 3216 cor⁰
2229 3150 2315 3217 ad
2355 3151 2688 3236 speculum

438 3236 691 3299 divinae
726 3234 1291 3319 contemplacionis
1325 3234 1554 3301 infixit.
1636 3238 1838 3316 Quem
1882 3237 2211 3321 predictus
2249 3258 2382 3316 rex,
2420 3237 2688 3303 audiens

436 3320 635 3385 filium
680 3321 913 3385 suimet
954 3326 1171 3385 ortatu
1206 3321 1510 3386 Bolizlavi
1555 3324 1758 3387 tacito
1793 3323 2288 3389 reluctaturumf
2327 3322 2474 3400 sibi,
2519 3323 2689 3408 cepit

437 3427 581 3471 cum
611 3407 831 3472 eodem
876 3416 942 3471 et
977 3427 1179 3472 uxore
1224 3413 1288 3472 et
1334 3408 1401 3472 in
1437 3408 1752 3491 singulari
1787 3408 2080 3475 custodia
2110 3408 2379 3478 claudit.
2443 3408 2519 3473 In
2557 3428 2687 3493 qua

435 3499 621 3577 pater
661 3492 1069 3571 venerabilis,
1114 3493 1283 3575 quod
1328 3495 1393 3558 in
1440 3501 1662 3579 aperto
1706 3492 1846 3559 fieri
1889 3515 2018 3560 non
2053 3496 2286 3580 potuit,
2331 3495 2394 3559 in
2433 3502 2686 3560 secreto

2719 1026 2738 1047 *
2762 1027 2862 1078 fot.
2885 1029 2986 1068 1⁰14.

2718 2913 2742 2935 '⁸¹
2763 2916 2860 2964 sol.
2885 2916 2990 2957 1'1'4‘.

435 3658 479 3705 a)
523 3658 741 3697 concessit
766 3659 805 3707 2,
831 3658 882 3696 A.
904 3658 950 3697 S.
1082 3656 1129 3703 b)
1172 3662 1425 3697 sanctorum
1451 3657 1710 3699 uidlodemix·
1765 3660 1812 3697 ut
1837 3658 2013 3707 videtur,
2039 3659 2081 3699 D
2089 3670 2108 3705 ,-
2156 3670 2262 3697 corr.
2295 3659 2346 3698 T.
2462 3657 2505 3707 c)
2549 3658 2687 3697 tercia.
2759 3702 2765 3706 ,

434 3714 626 3749 ottonem
654 3710 707 3751 D.
813 3709 857 3760 d)
882 3708 1071 3749 influosa
1099 3708 1151 3757 D,
1177 3718 1284 3748 cmv.
1313 3710 1362 3750 T.
1468 3710 1509 3759 e)
1535 3722 1560 3749 r
1584 3710 1687 3750 add.
1747 3738 1758 3750 .
1861 3708 1899 3760 f)
1921 3714 1976 3750 tu
2002 3709 2106 3750 add.
2129 3710 2178 3750 T.
2241 3753 2266 3792 δ

434 3842 489 3901 1)
536 3840 862 3895 Wlademi-ri
882 3840 951 3903 L,
986 3840 1083 3909 qui
1106 3856 1158 3893 a.
1185 3840 1493 3894 980-1015
1518 3847 1868 3908 reynaverat3
1903 3840 1970 3895 de
1993 3856 2100 3909 quo
2133 3840 2204 3904 cf.
2234 3837 2438 3905 Suam,
2473 3837 2684 3893 ‘Gesch

434 3909 486 3963 d.
515 3926 657 3964 rues.
686 3909 893 3964 Staats'
928 3909 981 3975 I,
1020 3908 1307 3963 105—117.
1460 3909 1515 3972 2)
1573 3910 1701 3963 Hac
1727 3908 2004 3977 pertinere
2048 3926 2130 3971 ea,
2173 3923 2312 3977 quae
2347 3908 2494 3961 Ann.
2530 3907 2684 3961 Hild.

434 3996 485 4031 a.
506 3980 607 4033 995
635 3978 701 4032 de
728 3978 989 4045 leqatione
1012 3977 1159 4044 reyis
1176 3976 1690 4045 Constantinopolim
1719 3978 1796 4032 ad
1818 3993 2074 4045 sponsa-m
2099 3978 2184 4031 illi
2198 3976 2489 4044 petendam
2515 3976 2683 4031 missa

433 4047 675 4111 tradunt,
721 4047 955 4101 Ursinus
980 4045 1127 4108 vidit,
1168 4046 1264 4114 qui
1298 4042 1610 4102 Wladimin‘
1633 4063 1852 4101 umorem
1874 4044 2060 4113 fuisse
2087 4046 2308 4100 Annam
2335 4044 2574 4099 Romani
2597 4046 2683 4099 II.

431 4116 779 4183 imperatoris
803 4115 983 4183 filiam
1013 4120 1173 4181 atque
1198 4115 1362 4169 multo
1398 4120 1523 4169 ante
1549 4132 1604 4169 a.
1629 4116 1732 4170 995
1765 4115 1848 4169 illi
1868 4120 2097 4181 nuptam
2121 4115 2263 4168 idem
2297 4120 2438 4169 recte
2462 4114 2683 4168 monuit.

432 4184 487 4249 3)
523 4186 678 4238 Inter
704 4186 899 4237 inultos
937 4182 1265 4237 Wlademiri
1287 4183 1430 4248 filios
1453 4184 1555 4239 hoc
1582 4184 1698 4237 loco
1725 4183 1838 4239 dici
1859 4184 2110 4237 videntur
2132 4184 2472 4248 laroslavas,
2499 4182 2682 4246 Beris,

432 4253 829 4321 Saentopulcus
885 4251 986 4319 (cf.
1038 4251 1226 4307 Strahl
1282 4253 1317 4307 l.
1364 4269 1407 4306 c.
1458 4252 1512 4318 I,
1578 4254 1728 4317 151),·
1804 4252 2198 4319 Suevaopuzcus
2249 4257 2429 4305 autem
2478 4250 2684 4305 rectius

431 4323 730 4389 Iaropulci,
774 4322 1001 4375 maioris
1060 4320 1380 4376 Wlademiri
1416 4320 1642 4387 fratris,
1677 4321 1834 4389 filius
1877 4321 1992 4375 dici
2032 4320 2210 4385 debet,
2253 4321 2416 4375 cuiue
2456 4319 2682 4373 viduam

428 4396 820 4458 praegnantem
873 4389 1235 4445 Wlademirus
1268 4391 1328 4443 in
1364 4390 1768 4445 matrimonium
1803 4389 2054 4443 duxerat.
2191 4389 2246 4451 4)
2283 4388 2679 4455 Sucntopnlco5

431 4458 502 4527 cf.
530 4475 702 4526 supra
730 4475 772 4513 c.
800 4459 885 4521 65,
910 4459 1020 4522 IX,
1048 4458 1269 4513 31-33.
1408 4458 1462 4525 5)
1501 4460 1664 4513 Anno
1683 4459 1819 4513 1000
1843 4458 1922 4511 ibi
1945 4458 2296 4523 constitntns;
2331 4456 2403 4525 cf.
2419 4458 2575 4520 1111,
2594 4456 2679 4511 45.
