3100 5050
208 530 361 584 1015

162 1651 283 1700 Sept.
304 1653 369 1692 13.

396 365 499 418 206
888 360 1291 417 THOETMARI
1325 359 1588 416 CHRON.
1657 361 1798 418 LIB.
1835 361 1967 417 VIII
2005 361 2170 428 (VII).

397 515 650 581 nensis⁸
692 513 1214 598 archiepiscopus
1276 522 1343 580 et
1386 514 1792 582 Thietmarus
1845 516 2159 594 march10‚
2221 513 2426 580 frater
2489 514 2648 586 eius,

398 602 659 667 vitricus
713 601 972 679 istius¹‚
1025 606 1210 685 pater
1263 607 1479 668 autem
1532 601 1901 685 interempti
1953 602 2230 676 comitis,
2293 601 2363 665 in
2415 596 2650 665 honore

399 688 517 752 Dei
561 687 888 769 genitricis
934 693 1001 752 et
1052 687 1261 753 sancti
1304 688 1610 771 martyris
1655 686 1961 772 Cypriani
2016 695 2328 770 regnante
2372 685 2651 752 secundo

396 773 633 838 Ottone
692 771 1030 838 abbaciam
1074 770 1640 844 construxerunt²
1695 794 1840 837 cum
1895 772 2060 838 fratr
2062 773 2222 839 ibus
2271 773 2404 836 suis
2449 771 2650 836 Gunt-

396 859 621 924 teriob·
635 856 667 904 3
710 880 789 924 ac
824 856 1200 926 Ekkihardo
1246 859 1609 924 comitatur
1701 860 1880 938 Quae
1919 858 2091 924 Gero
2131 857 2650 958 archiepiscopus

397 955 549 1009 tunc
611 951 825 1008 terrae
899 943 1350 1009 commendans
1428 943 1730 1009 domnam
1791 943 2316 1012 Aethelheidam⁰
2385 945 2650 1027 eiusque

396 1030 600 1095 filium
646 1030 1087 1100 Thietmarum
1133 1035 1200 1094 et
1242 1035 1562 1096 merentes
1607 1031 1850 1096 amicos
1894 1051 1972 1094 ac
2014 1030 2254 1094 milites
2298 1029 2563 1101 solatur.

427 1137 431 1144 ·
568 1116 670 1183 23.
724 1114 885 1202 (15.)
963 1115 1263 1183 *Interim
1316 1136 1541 1182 caesar
1594 1135 1738 1182 cum
1791 1118 1924 1182 suis
1969 1116 2054 1182 ad
2098 1115 2374 1182 Strelam
2425 1115 2703 1180 urbem*

400 1203 715 1284 pervenit;
768 1209 835 1267 et
878 1202 1265 1267 Miseconem
1311 1222 1455 1266 cum
1500 1203 1784 1268 exercitu
1829 1201 2134 1283 subsequi
2179 1202 2412 1280 scienS,
2465 1200 2651 1266 Heri-

398 1308 701 1353 mannum
738 1287 1175 1352 marchionem
1211 1286 1295 1352 ad
1322 1287 1684 1370 Mysnensis
1707 1288 2154 1354 defensionem
2195 1287 2474 1352 civitatis
2507 1307 2652 1370 pro-

397 1395 625 1458 perare
668 1373 871 1438 iubet.
958 1373 1100 1456 Ipse
1146 1393 1293 1440 vero
1338 1373 1424 1438 ad
1458 1373 1838 1456 Merseburg
1876 1382 2052 1439 recto
2095 1372 2368 1439 tetendit
2399 1373 2650 1438 itinere.

398 1460 638 1526 Miseco
688 1465 905 1524 autem
958 1479 997 1525 a
1049 1466 1235 1542 patre
1286 1458 1533 1524 nefario
1587 1461 1966 1538 instructu3‚
2021 1459 2355 1543 ut‘primo-
2399 1465 2652 1526 nostros

400 1546 613 1614 abisse
676 1545 914 1610 divisos
974 1545 1345 1628 nullamque
1406 1551 1556 1628 post
1615 1566 1682 1610 se
1743 1545 2105 1612 custodiam
2165 1565 2322 1609 esse·
2361 1543 2653 1609 relictam

400 1633 623 1709 sensit,
679 1630 773 1696 Id.
824 1629 1219 1713 Septembris
1275 1631 1489 1696 Albim
1543 1632 1726 1698 iuxta
1777 1630 2002 1707 urbem
2054 1629 2454 1715 predictam.4
2509 1651 2652 1694 cum

387 1717 521 1798 ¹Vll
564 1715 923 1815 legionibus
966 1717 1032 1784 in
1076 1717 1226 1798 ipsa
1268 1715 1670 1782 transcendit
1711 1737 1974 1792 aurora,
2028 1716 2342 1816 quosdam
2384 1716 2654 1780 circum—

400 1823 654 1887 quaque
680 1801 961 1868 iacentia
978 1809 1249 1880 vastare,
1278 1802 1443 1867 alios
1462 1823 1613 1868 vero
1642 1802 1865 1868 urbem
1892 1803 2254 1885 precipiens
2281 1803 2654 1885 inpugnare.

401 1888 587 1966 Quod
611 1888 1011 1954 Wetennici‘1
1046 1889 1511 1972 conspicientes
1556 1909 1752 1972 seque
1797 1889 1968 1954 tueri
2013 1909 2198 1970 posse
2241 1887 2654 1972 desperantes

400 1974 845 2058 superpositae
890 1974 1171 2038 civitatis
1214 1975 1642 2040 municionem
1686 1975 1929 2039 relictis
1954 1995 2134 2072 ‘pene
2178 1973 2477 2038 omnibus
2521 1973 2654 2036 suis

400 2059 773 2126 ascendunt.
836 2059 933 2124 Ob
960 2059 1091 2124 hoc
1108 2060 1327 2124 hostes
1356 2059 1737 2125 *admodum
1769 2061 1970 2142 gavisi
1999 2058 2376 2127 suburbium
2411 2059 2706 2124 intrant*

399 2147 693 2211 relictum
738 2153 805 2211 et
856 2145 975 2210 hoc
1028 2145 1263 2210 ablatis
1307 2144 1499 2209 rebus
1544 2145 1818 2210 inventis
1859 2145 2213 2210 incendunt
2256 2152 2321 2216 et
2357 2144 2654 2228 superius

400 2231 737 2298 castellum
800 2232 869 2295 in
934 2229 1187 2296 duobus
1253 2231 1409 2295 locis
1470 2251 1810 2297 accensum
1877 2230 2366 2314 infatigabiliter
2433 2249 2654 2312 aggre-

400 2319 683 2384 diuntur.
780 2315 1204 2382 Hirimannus
1250 2316 1453 2400 [vero]
1499 2337 1715 2382 comes
1759 2316 1980 2382 videns
2021 2316 2447 2382 auxiliatores
2504 2335 2652 2380 suos

400 2404 745 2468 admodum
791 2425 1031 2485 paucos
1072 2405 1202 2468 iam
1250 2401 1614 2482 defecisse0‚
1661 2402 1905 2467 Christi
1940 2402 2248 2485 pietatem
2287 2409 2351 2466 et
2385 2402 2525 2466 eius
2555 2401 2656 2467 in-

400 2489 867 2574 clitimartyris
894 2490 1135 2555 Dona-ti
1159 2489 1685 2555 intercessionem
1715 2494 2402 2573 sanctamprostratus
2435 2492 2658 2571 postu-

399 2578 543 2641 lans
603 2576 905 2641 mulieres
950 2575 1035 2639 ad
1078 2575 1586 2645 succurrendum,
1633 2578 1958 2650 hortatur.
2065 2575 2242 2653 Quae
2295 2594 2657 2658 propugna-

402 2663 549 2729 cula
592 2663 978 2745 attingentes
1034 2661 1357 2745 lapidibus
1400 2662 1570 2727 viros
1623 2662 1961 2739 adiuvant,-
2015 2661 2226 2743 ignem
2281 2661 2653 2743 inpositum,

400 2750 555 2833 quia
598 2748 835 2814 defecit
892 2746 1137 2835 [aqua],
1201 2746 1465 2813 medone
1520 2749 1855 2830 extingunt
1915 2752 1981 2811 et
2023 2747 2167 2824 Deo
2205 2746 2476 2829 gratias!
2534 2746 2656 2809 ini-

400 2836 551 2901 mici
604 2834 886 2900 furorem
940 2844 1007 2897 et
1059 2834 1389 2899 audatiam
1443 2834 1762 2898 minuunt.
1864 2832 2001 2896 Hoc
2043 2839 2248 2897 totum
2294 2832 2532 2902 Miseco
2576 2832 2656 2895 de

403 2932 618 2985 monte
690 2921 875 2985 iuxta
933 2920 1145 3002 posito
1206 2940 1469 2984 cernens
1548 2919 1757 2984 socios
1819 2917 2248 2983 adventantes
2305 2924 2655 3002 exspectat.

405 3008 529 3086 Qui
571 3005 1039 3089 depopulantes
1083 3010 1165 3082 et,
1212 3004 1325 3069 ubi
1367 3005 1533 3087 ignis
1569 3003 2032 3083 inveniebatur,
2079 3005 2296 3069 omnia
2332 3024 2538 3087 usque
2573 3003 2655 3067 ad

400 3092 682 3158 Ganamf
711 3089 1019 3157 fluvium5
1063 3096 1540 3158 concremantes
1585 3111 1729 3155 sero
1765 3091 1956 3157 lassis
1991 3096 2400 3157 revertuntur
2435 3090 2656 3173 equis&

402 3185 467 3242 et
501 3177 593 3242 ibi
631 3198 775 3240 cum
813 3176 1064 3241 seniore
1100 3195 1215 3240 suo
1251 3196 1395 3241 cras
1432 3177 1517 3241 ad
1552 3177 1780 3241 urbem
1810 3176 2157 3259 pugnaturi
2182 3182 2654 3259 pernoctarent,

398 3266 465 3328 ni
531 3263 743 3327 Albim
809 3282 1095 3327 crescere
1154 3261 1459 3329 viderent.
1570 3262 1842 3345 Propter
1892 3261 2024 3337 ,hoc
2083 3263 2404 3326 exercitus
2465 3262 2656 3328 nimis

398 3348 791 3431 defatigatus
844 3368 987 3411 cum
1048 3349 1391 3414 securitate
1443 3348 1782 3431 inopinata
1830 3346 2140 3415 remeavit
2201 3354 2267 3413 et
2315 3348 2501 3412 ducis
2554 3348 2656 3411 sui

399 3455 513 3499 cor
568 3435 829 3499 anxium
888 3434 1005 3498 hac
1042 3433 1529 3517 prosperitateh
1586 3434 1908 3499 relevavit.
1994 3434 2361 3517 Imperator
2416 3439 2653 3512 autem,

398 3522 558 3585 haec
594 3527 668 3584 ut
702 3519 965 3598 audivit,
1010 3535 1446 3603 quoscumque
1480 3526 1636 3585 tunc
1669 3518 1970 3603 colligere
2005 3520 2234 3603 potuit,
2276 3518 2363 3583 ad
2397 3540 2656 3584 succur-

398 3596 668 3671 rendum
706 3627 821 3671 suo
858 3606 1212 3677 marchioni
1245 3626 1518 3703 propere
1554 3606 1754 3670 mittit
1789 3612 1854 3669 et
1879 3604 2264 3671 suburbium
2303 3626 2432 3671 non
2469 3606 2655 3688 longe

397 3700 545 3776 post
597 3691 1035 3775 redintegrare
1086 3691 1389 3775 precepit.
1488 3690 1588 3768 Ad
1641 3690 1832 3757 huius
1875 3692 2098 3774 operis
2143 3691 2655 3775 supplementum

398 3854 443 3903 a)
469 3856 529 3894 ita
556 3856 593 3895 0
612 3842 807 3904 scs-ipsis
750 3856 807 3893 ies
808 3866 829 3893 e
855 3853 1043 3905 videtur·
1082 3853 1345 3893 coloniensis
1384 3854 1429 3894 V.
1508 3852 1556 3903 b)
1581 3854 1598 3891 i
1623 3854 1826 3893 adrasum
1851 3856 1892 3893 1.
1973 3852 2015 3905 c)
2043 3855 2133 3893 ath.
2153 3852 2344 3895 radendo
2359 3854 2466 3903 azqs.
2487 3864 2595 3893 corr.
2614 3856 2654 3893 1.

398 3908 443 3957 d)
468 3916 613 3947 uuene
638 3906 728 3946 niel
754 3910 793 3957 1,
818 3908 925 3946 §rme
905 3907 1061 3955 rpoeita
1088 3908 1196 3944 inter
1224 3914 1247 3943 e
1276 3909 1313 3944 et
1338 3916 1369 3943 n
1394 3906 1535 3945 littera
1561 3905 1744 3955 quadam
1771 3905 1816 3944 ἀι
1809 3900 1966 3952 miztia,
1989 3915 2128 3955 quam·
2125 3907 2184 3946 A
2203 3906 2250 3946 S.
2269 3916 2448 3953 prorsus
2463 3906 2656 3957 neglexit,

399 3959 581 4009 Lapp.1
616 3960 911 4006 interpretatus
948 3960 1019 4007 eet,
1052 3968 1146 4007 equa
1134 3957 1242 3997 idem
1268 3960 1287 3995 t
1320 3957 1562 4007 significare
1587 3956 1858 4008 crediderim,
1901 3957 2131 3997 wenetnici
2155 3960 2292 3997 autem
2316 3969 2395 4007 pro
2420 3958 2657 3997 wetennici

416 4022 479 4051 ..e
510 4009 759 4050 Wethenici
782 4012 854 4059 lap
856 4021 909 4048 su
934 3986 1085 4048 caldmi
1103 4011 1291 4058 positum
1318 4020 1405 4048 eece
1432 4008 1537 4047 mihi
1560 4008 1739 4048 videtur.
1843 3987 1903 4057 ὀ)
1929 4009 2144 4048 defesisse
2172 4009 2218 4049 0.
2337 4008 2374 4061 f)
2399 4008 2588 4050 Granum
2614 4010 2658 4058 2,

397 4024 451 4101 A.
470 4062 517 4101 S.
622 4060 669 4112 g)
696 4064 761 4111 eqi
766 4072 788 4101 a
817 4062 861 4112 0,
889 4073 916 4101 u
942 4060 1046 4100 add.
1070 4062 1119 4101 Τ.
1230 4060 1277 4112 b)
1301 4063 1551 4111 prosperato
1578 4062 1618 4099 1.
2625 4094 2643 4101 -

398 4190 449 4256 1)
505 4192 691 4245 Mater
726 4191 1071 4245 ‘Herimanni
1116 4188 1391 4245 Suanhild
1438 4191 1623 4258 priore
1683 4190 2027 4243 matrimonio
2077 4190 2385 4244 fflietmaro
2438 4188 2490 4253 (†
2529 4188 2657 4255 978)

397 4262 585 4313 iuncta
600 4260 807 4327 fuerat.
937 4260 991 4321 2)
1024 4256 1175 4325 Cons.
1195 4262 1339 4313 Ann.
1362 4260 1491 4315 Sam.
1507 4265 1558 4313 et
1585 4264 1732 4313 Ann.
1757 4260 1952 4327 Mayd.
1973 4277 2022 4313 a.
2043 4258 2140 4311 971
2163 4265 2214 4313 et
2229 4261 2346 4314 975.
2485 4258 2540 4322 3)
2567 4260 2656 4313 De

397 4345 502 4407 quo
538 4327 608 4391 cf.
642 4329 753 4391 IX,
790 4330 873 4382 22.
1010 4326 1065 4392 4)
1102 4328 1357 4382 Meissen.
1496 4327 1549 4393 5)
1587 4328 1766 4382 Iahne
1799 4328 1996 4395 rivum,
2023 4328 2128 4395 qui
2149 4343 2322 4397 prope
2359 4327 2580 4385 Riesam
2617 4344 2654 4381 a

397 4396 625 4452 sinistra
652 4404 814 4464 parte
846 4398 903 4450 in
940 4397 1121 4450 Albim
1156 4397 1325 4452 cadit.

2679 1137 2834 1178 *aad
2857 1150 2978 1177 man.

2743 1191 2808 1229 al.
2829 1193 2962 1238 temp.

2725 2080 2817 2129 fol.
2841 2081 2948 2122 151‘.
