3100 5050
462 411 564 465 108
1085 408 1494 465 ΤΗΙΕΤΜΑΒΙ
1529 407 1795 467 CHRON.
1861 409 2001 464 LIB.
2036 410 2106 466 V.

155 580 446 629 auscense-
465 563 644 627 cuius
681 563 1038 649 sapienciae
1081 586 1372 629 numerus
1415 585 1538 627 non
1591 565 1903 627 invenitur
1952 562 2147 639 ullus,
2200 584 2327 647 qua
2378 564 2592 626 omnia
2642 585 2718 627 εει·

461 648 696 713 nichilo
730 650 964 713 crecwit
1004 650 1420 735 hominemque
1453 648 1665 713 solum
1698 648 2029 713 dumam-at
2076 649 2508 733 conformavit.
2594 648 2717 726 Qui

461 732 617 799 dum
643 733 823 799 ¹talia
867 734 1182 801 inmemor
1224 733 1723 801 beneficiorum*
1774 754 1901 797 non
1946 732 2311 817 perpendit,
2364 732 2718 798 iumentum

466 819 536 884 in
580 840 695 884 suo
741 827 1022 886 stercore
1068 829 1562 905 conputrescens
1605 821 1774 884 iuste
1818 819 2155 903 apellatur.
2252 818 2379 884 Sed
2431 820 2716 903 quicum-

156 896 438 999 g‚¹,{,'‡.{⁰1¹}·3‚
467 926 591 989 que
638 903 761 970 hoc
801 906 1063 971 verbum
1106 908 1282 993 quoti
1321 907 1675 985 seauctonb,
1727 906 1795 970 in
1847 904 2442 987 superliminaribus
2495 905 2719 986 templi

466 991 826 1074 antiquitus
879 998 1196 1071 notatum,
1258 992 1432 1071 intra
1485 1011 1554 1055 se
1605 992 1973 1056 memoriter
2022 991 2299 1055 retinere
2360 992 2717 1075 omniaque,

157 1093 436 1145 comesam.
465 1099 620 1162 quae
662 1077 732 1141 in
776 1078 973 1142 verbis
1014 1101 1118 1143 seu
1163 1077 1448 1163 operibus
1476 1076 1789 1163 facienda
1833 1086 1992 1156 sunt,
2038 1076 2109 1140 in
2150 1078 2393 1141 ‘nomine
2433 1077 2719 1157 Domini,

463 1168 537 1229 ut
580 1170 843 1227 sanctus
887 1170 1210 1228 ammonet
1251 1162 1518 1240 Paulus,
1574 1163 1812 1245 satagit
1854 1159 2126 1244 inplere,
2180 1162 2289 1226 ille
2334 1167 2457 1241 est,
2515 1164 2625 1245 qui
2678 1183 2718 1226 a

157 1265 436 1316 uzuh-2022.
463 1255 650 1333 patre
696 1248 833 1313 Deo
887 1249 954 1313 in
1011 1248 1213 1314 filium
1269 1254 1528 1331 optatus
1581 1249 1864 1327 denario,
1917 1247 2205 1331 quamvis
2256 1246 2443 1313 tarde
2488 1250 2717 1327 veniat,

463 1340 914 1400 remuneratur
947 1334 1198 1400 diurno·
1271 1334 1454 1399 Haec
1485 1354 1605 1417 ego
1643 1332 2073 1412 considerans,
2112 1334 2267 1417 quia
2301 1332 2719 1397 retributione

465 1419 784 1503 condigna
827 1425 1090 1485 sanctae
1133 1420 1438 1484 Trinitati
1481 1419 1583 1484 *et
1625 1418 1992 1484 individuae
2045 1419 2279 1484 unitati
2332 1418 2721 1502 respondere

463 1504 832 1571 nullatenus
883 1505 1090 1585 valeo,
1161 1506 1374 1573 sancti
1431 1504 1738 1571 Iohannis
1798 1504 2117 1589 baptistae
2178 1506 2719 1583 intercessionem,

466 1590 575 1656 *ut
611 1590 804 1655 corde
843 1597 907 1655 et
931 1611 1196 1675 corpore
1233 1591 1316 1655 ad
1354 1590 1474 1655 hoc
1509 1591 1777 1656 idoneus
1812 1589 2066 1667 reddar,
2108 1591 2375 1675 supplex
2418 1588 2719 1673 efflagito,

636 1678 696 1740 2.
770 1675 866 1741 De
909 1677 1307 1759 temporibus
1353 1686 1570 1742 autem
1614 1675 1767 1755 hiis,
1822 1676 1889 1740 in
1934 1676 2165 1761 quibus
2219 1677 2502 1761 respexit
2546 1676 2720 1741 Deus

463 1762 844 1844 aecclesiam
888 1768 1174 1828 nostram
1219 1762 1757 1846 obprobriumque
1797 1763 1935 1827 eius
1972 1762 2227 1827 auferre
2264 1762 2565 1844 dignatus
2604 1769 2721 1840 est,

462 1848 728 1913 laeciori
791 1855 1002 1913 mente
1063 1853 1127 1915 et
1188 1849 1413 1913 laciori
1474 1848 1623 1913 stilo
1687 1848 1965 1913 scribere
2034 1849 2469 1932 pietatemque
2540 1846 2721 1913 ducis

463 1934 750 1999 Heinrici
806 1954 1056 1999 summa
1111 1933 1675 2019 preordinacionec
1724 1933 1792 1997 in
1836 1955 2101 2017 regnum
2148 1933 2333 1999 electi
2378 1954 2574 1999 conor
2620 1954 2720 1997 re·-

463 2026 700 2102 tegere.
787 2019 884 2084 De
931 2041 1056 2104 quo
1098 2028 1246 2105 post
1288 2027 1556 2085 mortem
1602 2020 2013 2102 imperatoris
2058 2018 2311 2083 cuidam
2359 2019 2719 2085 venerando

461 2106 636 2188 patri
693 2105 1092 2170 revelacione
1145 2106 1362 2171 divina
1406 2106 1500 2170 sic
1543 2105 1785 2170 dictum
1832 2109 1953 2170 est:
2020 2104 2441 2183 ‘RecordariS,
2498 2104 2718 2189 frater,

463 2190 744 2276 qualiter
797 2192 1028 2256 cecinit
1061 2192 1388 2275 populus:
1461 2192 1597 2257 Deo
1654 2190 1891 2255 nolente
1950 2190 2144 2255 voluit
2202 2192 2335 2255 dux
2386 2190 2721 2255 Heinricus

461 2278 764 2363 requam?
805 2298 976 2343 nunc
1012 2274 1240 2343 autem'
1263 2276 1454 2343 debet
1489 2276 1832 2342 Heinricus
1870 2274 2113 2363 [divina
2146 2272 2718 2362 predestinacione]

462 2363 643 2447 regni
687 2382 905 2427 curam
951 2362 1330 2445 providere.’
1420 2362 1669 2439 Omnia,
1716 2383 1882 2445 quae
1927 2362 2007 2427 ad
2052 2362 2269 2427 divina
2305 2363 2402 2427 vel
2439 2362 2721 2426 humana

461 2448 898 2532 pertinebant,
962 2448 1132 2514 hunc
1193 2469 1306 2532 pre
1361 2448 1674 2519 caeterisd
1736 2447 1858 2512 sibi
1912 2454 2067 2512 tunc
2119 2446 2717 2531 contemporalibuS,

463 2534 721 2610 nollent,
760 2536 1010 2614 vellent,
1049 2536 1134 2601 ad
1169 2556 1433 2620 regnum
1471 2533 1952 2617 promovebant.
2040 2534 2165 2598 Sed
2201 2535 2347 2617 quis
2383 2555 2461 2600 ex
2495 2539 2720 2599 nostra

462 2621 720 2704 regione
757 2623 819 2686 ei
855 2621 1111 2686 obesset
1146 2621 1504 2704 scrupuluS,
1541 2620 1766 2704 paucis
1802 2620 1930 2684 iam
1968 2620 2392 2705 prescribens,
2428 2619 2719 2685 occiden-

293 2767 312 2806 Ε
464 2706 689 2770 talium
749 2707 1034 2790 iniquam
1091 2707 1639 2790 presumpcionem
1697 2727 1904 2790 neque
1967 2705 2234 2770 consilio
2297 2726 2504 2791 neque
2567 2726 2719 2790 pru—

152 2778 436 2870 rrov‘fe'mo.
463 2791 686 2858 dentia
740 2813 948 2877 neque
1009 2793 1384 2857 fortitudine
1445 2799 1671 2857 contra
1730 2792 1930 2858 Deum
1984 2792 2299 2856 valentem
2353 2791 2718 2859 enucleabo,

278 2889 428 2945 1002.
637 2880 694 2944 3.
735 2877 851 2964 (2.)
911 2878 1400 2957 Herimannuse‚
1437 2877 1859 2942 Alamanniae
1904 2881 1971 2942 et
2004 2877 2299 2942 Alsaciae
2345 2875 2493 2957 dux,
2532 2878 2719 2942 timo-

459 2970 643 3028 ratus
689 2972 752 3028 et
797 2965 1056 3028 humilis
1101 2963 1310 3042 homo,
1357 2985 1398 3026 a
1441 2964 1681 3042 multiS,
1732 2963 1966 3047 quibus
2010 2963 2243 3028 lenitas
2282 2965 2419 3028 eius
2454 2963 2718 3047 placuit,

461 3049 764 3114 seductus
817 3057 1042 3115 contra
1095 3049 1470 3114 Heinricum
1521 3070 1592 3113 se
1646 3051 1918 3114 armavit
1936 3049 1977 3114 ¹.
2089 3048 2525 3115 Theodericus
2569 3068 2717 3114 vero

459 3135 972 3200 Liuthariorumf
1029 3135 1232 3213 dux²‚
1287 3135 1383 3200 vir
1437 3136 1695 3218 sapiens
1750 3141 1815 3200 et
1866 3135 2192 3212 militarie,
2258 3155 2385 3218 quo
2446 3156 2515 3200 se
2568 3155 2717 3219 pars

459 3221 683 3306 populi
711 3222 916 3286 maior
942 3228 1010 3286 et
1036 3221 1259 3287 melior
1283 3221 1645 3301 inclinaret,
1676 3241 1941 3286 securus
1968 3220 2388 3305 expec*tabat.
2450 3221 2717 3286 Interim

459 3317 735 3389 patruus
779 3327 979 3385 meuS,
1025 3306 1106 3371 de
1143 3328 1265 3390 quo
1310 3309 1607 3388 superius
1651 3307 1995 3372 memoravi
2007 3307 2056 3386 3,
2099 3307 2425 3390 profectus
2470 3305 2717 3371 occulte

461 3392 547 3457 ad
583 3392 961 3474 Bavanberg
996 3410 1141 3457 cum
1177 3393 1491 3458 avunculo
1530 3414 1649 3459 suo
1685 3393 2053 3472 Ricberto4,
2100 3414 2289 3475 quem
2334 3415 2374 3457 a
2410 3393 2715 3458 comitatu

461 3498 580 3543 suo
615 3479 969 3560 imperator
1011 3477 1308 3562 deposuit
1351 3478 1841 3563 Liudgeroque⁵
1874 3477 2126 3542 Arnulfi
2173 3476 2482 3562 presulis⁶
2524 3477 2716 3560 militi

463 3563 656 3645 dedit,
705 3564 978 3646 gratiam
1026 3563 1249 3628 ducis⁷
1294 3585 1370 3628 ac
1415 3585 1594 3649 spem
1638 3563 1959 3630 retinendi
2005 3569 2071 3628 et
2104 3563 2380 3648 augendi
2416 3562 2713 3642 benificii,

462 3660 890 3734 quamquam&
951 3657 1200 3717 servato
1263 3649 1475 3715 adhuc
1537 3655 1940 3716 sacramento
2011 3671 2241 3714 manus
2313 3649 2516 3714 eidem
2582 3669 2716 3738 ,non

463 3803 508 3850 a)
549 3806 611 3844 ita
635 3803 696 3852 V,-
723 3804 964 3844 beiclorum
991 3803 1042 3844 Α.
1147 3789 1207 3856 b)
1246 3804 1394 3854 gnotls
1429 3809 1612 3846 eaucton
1640 3808 1679 3846 1.
1784 3804 1827 3855 c)
1866 3805 2018 3845 dluina
2052 3804 2431 3855 predestinacione
2448 3803 2500 3854 A,
2535 3815 2641 3844 corr.
2666 3804 2713 3844 Τ.

459 3855 808 3958 gingffilzts.
835 3920 878 3949 a·
895 3855 1176 3948 ἳὲοίὲῗναηιπι
1203 3859 1242 3896 1.
1269 3859 1454 3942 saepius.
1579 3857 1615 3904 f)
1648 3857 1761 3896 luth.
1789 3855 1977 3897 radendo
2012 3859 2107 3906 αἶρε
2132 3868 2237 3896 corr.
2270 3859 2310 3896 1.
2366 3941 2373 3944 -
2433 3857 2480 3904 g)
2510 3866 2643 3905 quam
2668 3858 2713 3904 13

462 4027 515 4094 1)
553 4027 709 4095 Conf.
744 4044 918 4098 supra
952 4030 1060 4096 IV,
1097 4031 1182 4084 54.
1334 4029 1388 4093 2)
1428 4029 1751 4084 Thiedricus
1788 4030 1855 4096 I.,
1895 4028 2057 4098 filius
2091 4029 2373 4083 Foiderici
2405 4029 2454 4082 I.
2494 4027 2547 4092 (†
2574 4028 2712 4094 978),

461 4097 574 4152 dum
620 4097 1016 4166 Lotharinyiae
1062 4097 1364 4166 superioris
1411 4099 1615 4160 (978-
1632 4099 1803 4164 1027).
1952 4099 2006 4164 3)
2056 4098 2312 4151 Mai-chio
2346 4097 2711 4162 Linthariu85

459 4182 508 4220 v.
543 4181 718 4232 supra
753 4167 861 4233 IV,
905 4168 990 4222 38.
1033 4167 1118 4221 39.
1161 4169 1246 4221 52.
1408 4165 1464 4232 4)
1511 4168 1659 4222 Filio
1694 4167 1981 4222 Brunonis
2015 4169 2225 4220 comitis
2259 4166 2714 4234 Anteburyensis,

461 4235 527 4288 de
560 4251 666 4304 quo
698 4251 748 4288 v.
785 4235 1007 4301 Hirsch,
1046 4235 1281 4290 ‘Jahn-b!
1318 4237 1367 4298 I,
1405 4238 1677 4302 455-56,
1724 4234 1899 4290 ‘Neue
1936 4235 2211 4289 Mittheil!
2253 4235 2457 4302 XVII,
2492 4237 2714 4291 38-40.

459 4302 514 4368 5)
563 4304 672 4368 Qui
702 4305 762 4358 in
798 4305 988 4358 charta
1027 4321 1078 4358 α.
1111 4305 1242 4360 1022
1277 4305 1414 4359 Dec.
1441 4306 1475 4360 5
1509 4305 1761 4373 (Swmpf
1791 4305 1955 4369 1795)
1994 4319 2173 4359 comes
2206 4306 2265 4358 in
2294 4307 2461 4372 payis
2494 4305 2712 4359 Derlin-

457 4387 607 4494 {gage
633 4377 683 4453 et
702 4372 1069 4453 ,Hartheyowe
1094 4374 1343 4428 occurrit.
1481 4373 1533 4438 6)
1574 4373 2055 4428 Halberstadensis
2082 4375 2405 4428 996-1023.
2537 4374 2590 4436 7)
2626 4373 2712 4426 Sc.

523 4456 724 4495 cinna.

2748 1438 2770 1461 *
2794 1448 2843 1487 ρ.
2860 1439 2950 1479 791.

2748 1609 2769 1631 *
2788 1609 2873 1658 sol.
2892 1607 2958 1649 82.

2746 3237 2767 3260 *
2794 3240 2872 3284 fol.
2894 3239 2973 3280 82‘.
