3100 5050
995 404 1402 460 THIETMARI
1437 403 1697 460 CHRON.
1770 406 1911 461 LIB.
1946 406 2028 460 ΙΙ.
2566 405 2635 461 45

366 559 588 626 Avusl
643 566 858 624 autem
911 580 1091 624 meus
1145 580 1290 624 cum
1344 557 1541 624 filiam
1598 561 1857 639 suimet,
1915 558 2165 625 Hathui
2207 560 2490 638 nomine,
2545 559 2637 624 ibi

365 647 718 712 educatam
761 648 942 731 prius
979 667 1056 710 ac
1091 645 1396 711 traditam
1435 647 1529 710 eis
1568 646 1912 711 succedere
1945 654 2257 729 rogasset,
2304 647 2385 710 ab
2428 646 2639 710 archi-

365 735 668 798 antistite
724 731 972 816 prefato
1027 732 1372 815 impetrare
1426 752 1557 797 non
1608 733 1837 816 potuit.
1941 732 2173 797 Postea
2226 753 2373 796 vero
2427 731 2638 797 archi-

365 819 595 904 presul
639 842 680 884 a
725 839 963 898 cesare,
1017 818 1273 902 patrino
1319 817 1567 896 suimet,
1619 825 1906 902 rogatus,
1963 817 2250 895 eandem,
2306 839 2451 882 cum
2505 819 2636 884 iam

370 905 720 970 duodecim
767 911 938 970 esset
980 922 1318 981 annorum,
1375 902 1456 967 11.
1507 905 1649 972 KaL
1695 905 1844 969 Mai.
1895 904 1999 968 die
2054 903 2420 969 dominica2
2466 905 2636 970 vela·
2666 898 2809 1004 Α973

370 993 470 1056 vit
515 999 579 1056 et
623 992 689 1055 in
732 993 1033 1075 proxima·
1069 989 1172 1054 die
1212 988 1298 1054 ad
1334 989 1729 1055 abbatissam
1766 992 1832 1055 in
1867 991 2072 1074 patris
2106 991 2431 1075 presentia
2466 990 2638 1055 ordi·
2705 976 2771 1015 μ’
2792 967 2856 1007 ³⁰⁶

369 1079 582 1157 navit3
631 1076 806 1161 quod
839 1083 1066 1160 postea
1102 1096 1246 1140 eum
1285 1076 1474 1140 nimis
1509 1077 1805 1160 penituit.
1897 1075 2203 1160 Namque,
2242 1083 2315 1141 ut
2348 1076 2637 1141 dicturus

134 1176 337 1232 *jz-15⁷.
369 1185 549 1243 sum,
602 1163 1001 1246 interpositis
1045 1161 1272 1227 diebus
1311 1162 1620 1245 quinque,
1668 1163 1898 1228 Italiae
1944 1162 2139 1228 decus
2185 1162 2285 1226 *et
2322 1162 2639 1228 Saxoniae

370 1251 582 1329 salus,
639 1249 792 1315 Otto
835 1250 1081 1333 primus
1125 1247 1306 1312 obiit.
1403 1247 1649 1313 Pausat
1693 1256 1908 1314 autem
1955 1249 2137 1313 avia⁸
2190 1249 2475 1327 meimet,
2530 1250 2636 1314 Iu·
2671 1268 2759 1307 uu
2787 1269 2827 1308 τ.

370 1335 616 1402 thittab
659 1335 918 1401 nomine
935 1333 990 1414 3,
1045 1335 1111 1398 in
1158 1333 1495 1413 aecclesia,
1551 1356 1747 1418 quam
1790 1341 1937 1417 post
1989 1334 2069 1399 de
2124 1334 2472 1420 lapidibus,
2526 1337 2639 1419 qui

369 1424 443 1486 in
483 1422 608 1487 hac
643 1429 821 1486 terra
854 1421 1046 1503 pauci
1081 1418 1419 1497 habentur,
1465 1419 1603 1485 filia
1634 1422 1773 1486 eius
1809 1441 2147 1504 sumopere
2189 1424 2585 1487 construcxit
2597 1434 2639 1502 ⁰,

371 1508 695 1573 excedens
739 1529 818 1572 ex
862 1507 983 1570 hoc
1028 1507 1244 1571 seculo
1293 1505 1430 1570 VlI.
1479 1506 1623 1571 Kal.
1672 1506 2057 1573 Novembr.⁴
2666 1524 2764 1566 eet.
2782 1526 2946 1578 swa).

107 1611 126 1632 *
152 1625 264 1653 man.
290 1614 340 1654 r.
552 1593 917 1658 *Aecclesia
965 1592 1318 1671 Fuldensis,
1364 1613 1482 1674 pro
1527 1591 1737 1658 dolor!
1785 1595 2064 1673 incensa,
2113 1593 2232 1659 sub
2275 1592 2497 1658 eodem
2544 1592 2639 1676 in·
2667 1587 2785 1651 wid·
2804 1611 2862 1663 11,
2880 1613 2947 1654 ³⁸-

372 1687 679 1766 peratore
723 1684 1028 1745 renovata
1075 1684 1173 1743 est
1188 1678 1264 1764 ⁵.]

138 1784 263 1886 {fss}
283 1788 344 1890 ἐξ
552 1769 656 1832 43.
729 1766 892 1852 (27.)
987 1763 1476 1829 *Ascensionem
1549 1769 1765 1829 autem
1842 1765 2093 1829 Domini
2163 1765 2493 1846 inperator
2572 1767 2640 1831 in
2675 1776 2948 1831 97311211.

163 1901 276 1931 m
288 1893 344 1932 A,
377 1853 758 1934 Merseburg
802 1851 929 1916 fuit
972 1857 1054 1930 et,
1102 1849 1406 1934 quicquid
1456 1849 1534 1914 de
1579 1851 2002 1934 promissione
2038 1853 2365 1931 remansit,
2413 1851 2644 1918 devota
2661 1870 2950 1920 wid.111‚'15.

377 1945 596 2004 mente
639 1937 878 2003 ibidem
926 1939 1242 2021 complere
1288 1935 1558 2002 studuit.
1660 1936 1827 2001 Exin
1865 1937 1985 2005 III.
2026 1937 2191 2002 feria
2235 1943 2385 2002 ante
2429 1947 2644 2020 pente·
2669 1957 2765 1997 nai
2789 1958 2830 1998 e.

376 2031 604 2091 costen
649 2025 731 2089 ad
770 2023 1175 2087 Miminlevod
1219 2023 1474 2086 veniens
1518 2027 1779 2106 postera
1836 2023 1940 2087 die
1991 2023 2075 2087 ad
2112 2044 2397 2088 mensam
2434 2025 2645 2091 laetus

379 2111 666 2178 sedebat.
759 2111 900 2189 Qua
945 2108 1146 2186 finita,
1201 2130 1347 2173 cum
1391 2109 1520 2172 iam
1565 2130 1834 2193 vespera
1876 2116 2276 2189 cantaretur,
2332 2108 2645 2177 infirmari

378 2198 555 2282 cepit
591 2205 657 2263 et
688 2196 1018 2262 inclinare.
1118 2195 1341 2273 Quem,
1378 2195 1492 2277 qui
1526 2196 1833 2261 astabant
1867 2197 2176 2280 proxime,
2224 2198 2646 2280 suscipientes

378 2284 847 2368 deposuerunt;
885 2280 1393 2363 refocilatusque
1429 2280 1648 2345 divino
1686 2282 1987 2347 celeriter
2020 2283 2271 2360 viatico,
2309 2283 2646 2349 orantibus

375 2392 500 2456 pro
545 2372 684 2435 eius
729 2370 907 2434 exitu
952 2369 1218 2447 cunctis,
1265 2366 1557 2432 debitum
1592 2368 1895 2451 persolvit
1931 2368 2250 2432 naturae*
2293 2368 2455 2436 Non.
2487 2370 2637 2435 Mai.
2668 2390 2757 2430 usn
2788 2391 2827 2432 τ.

377 2457 542 2523 IIII.
592 2457 773 2523 feria.
872 2454 1181 2539 Sequenti
1234 2473 1383 2517 vero
1438 2459 1627 2518 nocte
1677 2456 1927 2519 viscera
1980 2455 2117 2518 eius
2174 2453 2385 2520 soluta
2433 2457 2501 2520 in
2546 2477 2645 2521 ec·
2666 2475 2954 2527 wemno.

382 2544 584 2609 clesia
638 2548 856 2608 sancte
906 2542 1148 2606 Mariae
1203 2545 1354 2605 sunt
1403 2540 1751 2623 tumulata3
1811 2562 2043 2624 corpus
2096 2551 2315 2606 autem
2360 2543 2646 2609 eiusdem

383 2629 781 2695 aromatibus
835 2627 1161 2692 conditum
1215 2626 1298 2691 ad
1351 2626 1873 2711 parthenopolim
1940 2628 2323 2693 translatum
2379 2637 2477 2695 est
2529 2629 2649 2694 ibi·
2677 2648 2834 2699 Tagin.
2864 2647 2956 2688 chr.

388 2737 511 2800 que
556 2712 1026 2781 honorabiliter
1065 2719 1259 2796 atque
1303 2712 1793 2778 lacrimabiliter
1842 2720 2213 2796 succeptum
2259 2735 2650 2780 marmoreo-

386 2824 511 2885 que
567 2802 917 2887 inpositum
975 2800 1398 2883 sarcophago,
1462 2800 1784 2881 sepultum
1845 2808 1945 2865 est
2001 2800 2085 2865 ab
2144 2800 2647 2886 archiepiscopis

389 2890 640 2953 Gerone
677 2894 870 2971 atque
907 2885 1358 2951 Aethelberto⁶
1393 2890 1877 2970 ceterorumque
1916 2886 2157 2952 auxilio
2202 2888 2647 2973 episcoporum

389 2976 671 3058 clerique
717 2974 927 3040 tocius
942 2971 990 3037 6.

558 3062 661 3126 44.
719 3058 878 3147 (28.)
956 3059 1355 3141 Aequivocus
1408 3062 1625 3122 autem
1680 3059 1844 3139 eius,
1909 3059 2124 3123 iunior
2176 3059 2423 3125 scilicet
2477 3059 2955 3140 Otto,w1‹1.111‚7⁶.

388 3153 574 3232 patre
618 3146 832 3212 adhuc
877 3144 1122 3209 vivente
1167 3144 1410 3209 electus
1454 3150 1519 3209 et
1562 3150 1812 3224 unctus,
1860 3146 2089 3210 iterum
2135 3146 2565 3211 conlaudatur
2607 3169 2648 3212 a

391 3234 670 3299 cunctisf
708 3235 775 3298 in
828 3232 1160 3297 dominum
1214 3237 1279 3296 et
1329 3252 1565 3314 regem.
1666 3232 1989 3309 Quantum
2042 3253 2190 3296 vero
2241 3252 2360 3316 pro
2415 3231 2647 3298 libera-

389 3321 566 3386 tione
631 3322 882 3385 animae
947 3318 1216 3383 senioris
1280 3318 1512 3382 suimet
1578 3317 2059 3383 Aethelheidis¹3
2126 3319 2479 3402 inperatrix
2550 3319 2645 3383 in-

391 3407 752 3491 vigilaverit
793 3426 997 3489 usque
1041 3405 1110 3470 in
1153 3402 1372 3483 finem,
1428 3403 1621 3469 dictis
1667 3425 1795 3468 non
1837 3404 2009 3468 valet
2054 3405 2489 3487 conprehendi
2533 3426 2651 3470 nec

505 3563 564 3631 ²⁸⁸)
599 3563 844 3617 Numero
890 3562 1142 3630 quodam,
1185 3578 1343 3631 quem
1377 3562 1520 3615 inter
1551 3561 1728 3615 lineas
1772 3560 1873 3615 hoc
1908 3562 2022 3615 loco
2059 3562 2108 3614 T
2148 3562 2457 3629 empserat,
2494 3577 2652 3617 eraso

599 3634 664 3688 N
681 3634 741 3687 in
766 3630 1025 3696 inferiore
1058 3632 1306 3699 maraine
1341 3630 1570 3685 adiecit:
1607 3628 1929 3684 ΧΧΧἮΙΙθ
1963 3628 2313 3685 ordinationis
2340 3647 2467 3685 suae
2496 3647 2649 3686 anno.

391 3753 437 3805 ι)
461 3764 547 3793 aus
574 3754 614 3792 1.
744 3750 792 3801 b)
819 3751 996 3790 alterum
1021 3752 1040 3789 t
1066 3761 1230 3789 eruum
1258 3752 1296 3790 1.
1423 3747 1464 3800 ο)
1493 3760 1517 3789 c
1543 3760 1709 3789 aarum
1735 3752 1775 3789 1.
1906 3748 1954 3799 d)
1982 3750 2221 3790 mimnlevo
2249 3751 2307 3799 A;
2336 3751 2575 3791 mimnleue
2602 3750 2650 3791 V.

393 3810 435 3859 e)
455 3806 642 3856 primum
667 3812 694 3843 e
720 3813 885 3843 nanum
911 3804 950 3842 1.
1058 3801 1094 3849 f)
1119 3801 1345 3841 acounotis
1371 3804 1426 3843 A.
1529 3802 1579 3852 g)
1606 3801 1851 3842 adelheidis
1881 3801 1925 3841 V.

394 3911 448 3977 1)
501 3909 658 3963 Avus
709 3924 782 3962 sc.
834 3911 1139 3972 maternus,
1193 3906 1494 3961 Heinricus
1546 3923 1721 3961 comes
1773 3906 2076 3961 Stadensia
2163 3907 2235 3961 L.
2406 3906 2459 3972 2)
2515 3907 2653 3961 Dies

395 3978 664 4033 dominica
699 3977 787 4031 hic
820 3976 1038 4029 videtur
1071 3975 1185 4029 dici
1217 3975 1478 4029 Ascensio
1514 3976 1758 4041 Domini,
1793 3992 1934 4044 quae
1967 3992 2114 4030 anno
2148 3975 2251 4031 973
2285 3976 2559 4031 incidebat
2591 3976 2652 4029 in

396 4048 684 4102 Kalendas
720 4045 884 4099 Maii.
955 4044 1023 4098 L.
1180 4042 1235 4107 3)
1273 4043 1429 4098 Filia
1473 4044 1679 4099 Udonis
1714 4046 1765 4100 I.
1802 4045 2011 4099 comitis
2046 4061 2220 4112 supra
2254 4045 2657 4100 commemorati

393 4118 506 4182 (II,
533 4118 626 4181 34)
653 4122 703 4170 et
727 4130 868 4168 uxor
895 4112 1148 4167 Heinrici
1171 4113 1376 4167 comitis
1404 4112 1715 4178 Stadensis5
1753 4114 1826 4180 cf.
1851 4114 1975 4180 ΙΙΙ,
2004 4116 2086 4167 20.
2225 4112 2279 4180 4)
2313 4114 2411 4167 Ex
2437 4114 2651 4167 Necrol.

397 4186 626 4240 Merseb.
657 4184 858 4237 XVII.
897 4182 1028 4236 Kal.
1066 4181 1236 4247 Nov.,·
1284 4182 1438 4249 apud
1473 4188 1718 4235 nostrum
1756 4184 1987 4237 litteram
2014 4180 2074 4231 X
2101 4182 2369 4238 excidisse
2404 4188 2650 4249 apparet.

397 4258 465 4309 A.
501 4254 604 4310 973
630 4254 916 4307 Iuthittam
951 4256 1220 4305 mortuam
1255 4266 1370 4304 esse
1405 4266 1473 4304 ex
1507 4251 1609 4304 hoc
1644 4252 1757 4304 loco
1783 4252 1958 4306 conici
1988 4254 2185 4320 nequit.
2323 4252 2378 4314 5)
2414 4253 2654 4306 Incensa

397 4340 542 4377 anno
577 4324 696 4386 937,
737 4326 996 4375 renovata
1031 4336 1082 4373 a.
1119 4322 1246 4382 948;
1295 4321 1366 4386 cf.
1404 4320 1688 4373 Dv'zmmler
1714 4336 1775 4387 p.
1815 4322 1930 4375 166.
2094 4322 2147 4386 6)
2185 4322 2274 4375 De
2298 4319 2654 4386 funeralibus

397 4409 520 4516 guez
545 4396 726 4447 taceat
743 4389 1131 4455 Widukindus,
1169 4405 1239 4443 ecc
1255 4388 1413 4455 fonte
1441 4389 1913 4458 Maydeburqensi
1945 4390 2081 4444 haee
2110 4391 2314 4445 hausta
2340 4406 2456 4444 esse
2481 4390 2652 4444 credi-

518 4478 587 4515 m.
