<?xml version="1.0" encoding="UTF-8"?>
<!DOCTYPE html PUBLIC "-//W3C//DTD XHTML 1.0 Transitional//EN"
    "http://www.w3.org/TR/xhtml1/DTD/xhtml1-transitional.dtd">
<html xmlns="http://www.w3.org/1999/xhtml" xml:lang="en" lang="en">
 <head>
  <title>
</title>
<meta http-equiv="Content-Type" content="text/html;charset=utf-8" />
  <meta name='ocr-system' content='tesseract 3.04.00' />
  <meta name='ocr-capabilities' content='ocr_page ocr_carea ocr_par ocr_line ocrx_word'/>
</head>
<body>
  <div class='ocr_page' id='page_1' title='image "./thietmarimerseb00lappgoog_0161.png"; bbox 0 0 3100 5050; ppageno 0'>
   <div class='ocr_carea' id='block_1_1' title="bbox 39 872 384 919">
    <p class='ocr_par' dir='ltr' id='par_1_1' title="bbox 39 872 384 919">
     <span class='ocr_line' id='line_1_1' title="bbox 39 872 384 919; baseline -0.003 -3"><span class='ocrx_word' id='word_1_1' title='bbox 39 874 48 881; x_wconf 78' lang='grc'><strong>’</strong></span> <span class='ocrx_word' id='word_1_2' title='bbox 129 876 154 899; x_wconf 84' lang='grc'>*</span> <span class='ocrx_word' id='word_1_3' title='bbox 183 875 256 916; x_wconf 74' lang='lat' dir='ltr'>fol.</span> <span class='ocrx_word' id='word_1_4' title='bbox 279 872 384 919; x_wconf 80' lang='lat'>103‘.</span> 
     </span>
    </p>
   </div>
   <div class='ocr_carea' id='block_1_2' title="bbox 138 2659 379 2709">
    <p class='ocr_par' dir='ltr' id='par_1_2' title="bbox 138 2659 379 2709">
     <span class='ocr_line' id='line_1_2' title="bbox 138 2659 379 2709; baseline -0.004 -10"><span class='ocrx_word' id='word_1_5' title='bbox 138 2659 162 2683; x_wconf 86' lang='grc'>*</span> <span class='ocrx_word' id='word_1_6' title='bbox 179 2661 379 2709; x_wconf 79' lang='lat' dir='ltr'>foz.104.</span> 
     </span>
    </p>
   </div>
   <div class='ocr_carea' id='block_1_3' title="bbox 178 3505 384 3556">
    <p class='ocr_par' dir='ltr' id='par_1_3' title="bbox 178 3505 384 3556">
     <span class='ocr_line' id='line_1_3' title="bbox 178 3505 384 3556; baseline -0.005 -11"><span class='ocrx_word' id='word_1_7' title='bbox 178 3505 202 3529; x_wconf 83' lang='grc'><strong><em>*</em></strong></span> <span class='ocrx_word' id='word_1_8' title='bbox 226 3518 273 3556; x_wconf 77' lang='lat' dir='ltr'>p.</span> <span class='ocrx_word' id='word_1_9' title='bbox 293 3505 384 3546; x_wconf 82' lang='lat'>809.</span> 
     </span>
    </p>
   </div>
   <div class='ocr_carea' id='block_1_4' title="bbox 1029 445 2681 503">
    <p class='ocr_par' dir='ltr' id='par_1_4' title="bbox 1029 445 2681 503">
     <span class='ocr_line' id='line_1_4' title="bbox 1029 445 2681 503; baseline 0.001 -3"><span class='ocrx_word' id='word_1_10' title='bbox 1029 445 1436 501; x_wconf 85' lang='lat' dir='ltr'><strong>THIETMARI</strong></span> <span class='ocrx_word' id='word_1_11' title='bbox 1471 445 1735 503; x_wconf 85' lang='lat' dir='ltr'>OHRON.</span> <span class='ocrx_word' id='word_1_12' title='bbox 1806 448 1945 502; x_wconf 89' lang='lat' dir='ltr'>LIB.</span> <span class='ocrx_word' id='word_1_13' title='bbox 1980 448 2076 501; x_wconf 87' lang='lat' dir='ltr'>VI.</span> <span class='ocrx_word' id='word_1_14' title='bbox 2585 448 2681 502; x_wconf 89' lang='lat'>141</span> 
     </span>
    </p>
   </div>
   <div class='ocr_carea' id='block_1_5' title="bbox 406 595 2967 4003">
    <p class='ocr_par' dir='ltr' id='par_1_5' title="bbox 406 595 2871 2041">
     <span class='ocr_line' id='line_1_5' title="bbox 412 595 2871 683; baseline 0.003 -23"><span class='ocrx_word' id='word_1_15' title='bbox 412 595 536 661; x_wconf 90' lang='lat' dir='ltr'>bus</span> <span class='ocrx_word' id='word_1_16' title='bbox 588 596 926 679; x_wconf 87' lang='lat' dir='ltr'>gaudium,</span> <span class='ocrx_word' id='word_1_17' title='bbox 980 599 1115 663; x_wconf 90' lang='lat' dir='ltr'>suis</span> <span class='ocrx_word' id='word_1_18' title='bbox 1167 606 1383 664; x_wconf 86' lang='lat' dir='ltr'>autem</span> <span class='ocrx_word' id='word_1_19' title='bbox 1433 600 1682 666; x_wconf 90' lang='lat' dir='ltr'>luctum</span> <span class='ocrx_word' id='word_1_20' title='bbox 1726 599 2115 664; x_wconf 83' lang='lat' dir='ltr'>ineffabilem</span> <span class='ocrx_word' id='word_1_21' title='bbox 2159 600 2440 683; x_wconf 88' lang='lat' dir='ltr'>reliquit.</span> <span class='ocrx_word' id='word_1_22' title='bbox 2528 599 2683 664; x_wconf 85' lang='lat' dir='ltr'>Cra-</span> <span class='ocrx_word' id='word_1_23' title='bbox 2719 614 2871 667; x_wconf 88' lang='lat'>1004.</span> 
     </span>
     <span class='ocr_line' id='line_1_6' title="bbox 415 681 2684 769; baseline 0.002 -24"><span class='ocrx_word' id='word_1_24' title='bbox 415 682 590 745; x_wconf 89' lang='lat' dir='ltr'>stina</span> <span class='ocrx_word' id='word_1_25' title='bbox 656 689 870 747; x_wconf 88' lang='lat' dir='ltr'>autem</span> <span class='ocrx_word' id='word_1_26' title='bbox 939 681 1044 747; x_wconf 92' lang='lat' dir='ltr'>die</span> <span class='ocrx_word' id='word_1_27' title='bbox 1100 683 1438 749; x_wconf 89' lang='lat' dir='ltr'>Iarimirus</span> <span class='ocrx_word' id='word_1_28' title='bbox 1497 684 1845 750; x_wconf 89' lang='lat' dir='ltr'>adveniens</span> <span class='ocrx_word' id='word_1_29' title='bbox 1900 685 2153 769; x_wconf 88' lang='lat' dir='ltr'>populis</span> <span class='ocrx_word' id='word_1_30' title='bbox 2206 686 2352 748; x_wconf 90' lang='lat' dir='ltr'>iura</span> <span class='ocrx_word' id='word_1_31' title='bbox 2403 684 2684 749; x_wconf 87' lang='lat' dir='ltr'>veniam-</span> 
     </span>
     <span class='ocr_line' id='line_1_7' title="bbox 414 768 2683 853; baseline 0.001 -23"><span class='ocrx_word' id='word_1_32' title='bbox 414 787 539 850; x_wconf 86' lang='lat' dir='ltr'>que</span> <span class='ocrx_word' id='word_1_33' title='bbox 582 768 906 832; x_wconf 80' lang='lat' dir='ltr'>commissi</span> <span class='ocrx_word' id='word_1_34' title='bbox 958 769 1374 849; x_wconf 88' lang='lat' dir='ltr'>poscentibus</span> <span class='ocrx_word' id='word_1_35' title='bbox 1431 776 1583 835; x_wconf 89' lang='lat' dir='ltr'>ante</span> <span class='ocrx_word' id='word_1_36' title='bbox 1634 775 1884 853; x_wconf 85' lang='lat' dir='ltr'>portam</span> <span class='ocrx_word' id='word_1_37' title='bbox 1928 769 2109 833; x_wconf 89' lang='lat' dir='ltr'>dedit</span> <span class='ocrx_word' id='word_1_38' title='bbox 2158 770 2436 852; x_wconf 83' lang='lat' dir='ltr'>ilicoque</span> <span class='ocrx_word' id='word_1_39' title='bbox 2485 769 2683 833; x_wconf 90' lang='lat' dir='ltr'>intro-</span> 
     </span>
     <span class='ocr_line' id='line_1_8' title="bbox 411 852 2684 937; baseline 0.001 -22"><span class='ocrx_word' id='word_1_40' title='bbox 411 852 649 917; x_wconf 89' lang='lat' dir='ltr'>missus</span> <span class='ocrx_word' id='word_1_41' title='bbox 701 853 992 936; x_wconf 79' lang='lat' dir='ltr'>pristinis</span> <span class='ocrx_word' id='word_1_42' title='bbox 1044 854 1396 919; x_wconf 86' lang='lat' dir='ltr'>honoribus</span> <span class='ocrx_word' id='word_1_43' title='bbox 1455 876 1689 937; x_wconf 89' lang='lat' dir='ltr'>magna</span> <span class='ocrx_word' id='word_1_44' title='bbox 1734 854 2163 920; x_wconf 85' lang='lat' dir='ltr'>*iocunditate</span> <span class='ocrx_word' id='word_1_45' title='bbox 2215 854 2684 921; x_wconf 81' lang='lat' dir='ltr'>inthronizatur</span> 
     </span>
     <span class='ocr_line' id='line_1_9' title="bbox 410 936 2681 1021; baseline 0 -19"><span class='ocrx_word' id='word_1_46' title='bbox 410 957 489 1002; x_wconf 89' lang='lat' dir='ltr'>ac</span> <span class='ocrx_word' id='word_1_47' title='bbox 532 944 688 1002; x_wconf 89' lang='lat' dir='ltr'>tunc</span> <span class='ocrx_word' id='word_1_48' title='bbox 732 936 1040 1019; x_wconf 89' lang='lat' dir='ltr'>depositis</span> <span class='ocrx_word' id='word_1_49' title='bbox 1085 938 1320 1003; x_wconf 92' lang='lat' dir='ltr'>vilibus</span> <span class='ocrx_word' id='word_1_50' title='bbox 1364 940 1761 1004; x_wconf 89' lang='lat' dir='ltr'>indumentis</span> <span class='ocrx_word' id='word_1_51' title='bbox 1804 938 2340 1021; x_wconf 76' lang='lat' dir='ltr'>preciosioribus⁸</span> <span class='ocrx_word' id='word_1_52' title='bbox 2396 946 2681 1004; x_wconf 87' lang='lat' dir='ltr'>ornatur.</span> 
     </span>
     <span class='ocr_line' id='line_1_10' title="bbox 409 1021 2681 1109; baseline 0.001 -24"><span class='ocrx_word' id='word_1_53' title='bbox 409 1022 581 1087; x_wconf 84' lang='lat' dir='ltr'>Huic</span> <span class='ocrx_word' id='word_1_54' title='bbox 643 1021 736 1085; x_wconf 91' lang='lat' dir='ltr'>ibi</span> <span class='ocrx_word' id='word_1_55' title='bbox 798 1027 933 1087; x_wconf 89' lang='lat' dir='ltr'>tum</span> <span class='ocrx_word' id='word_1_56' title='bbox 1003 1030 1438 1105; x_wconf 82' lang='lat' dir='ltr'>presentatur,</span> <span class='ocrx_word' id='word_1_57' title='bbox 1514 1024 1825 1109; x_wconf 90' lang='lat' dir='ltr'>quicquid</span> <span class='ocrx_word' id='word_1_58' title='bbox 1893 1024 2333 1108; x_wconf 89' lang='lat' dir='ltr'>unusquisque</span> <span class='ocrx_word' id='word_1_59' title='bbox 2403 1024 2681 1088; x_wconf 90' lang='lat' dir='ltr'>militum</span> 
     </span>
     <span class='ocr_line' id='line_1_11' title="bbox 410 1107 2682 1193; baseline 0.001 -23"><span class='ocrx_word' id='word_1_60' title='bbox 410 1107 584 1172; x_wconf 90' lang='lat' dir='ltr'>hosti</span> <span class='ocrx_word' id='word_1_61' title='bbox 628 1107 897 1189; x_wconf 86' lang='lat' dir='ltr'>fugitivo</span> <span class='ocrx_word' id='word_1_62' title='bbox 930 1109 1031 1172; x_wconf 91' lang='lat' dir='ltr'>vel</span> <span class='ocrx_word' id='word_1_63' title='bbox 1077 1110 1288 1173; x_wconf 89' lang='lat' dir='ltr'>occiso</span> <span class='ocrx_word' id='word_1_64' title='bbox 1334 1110 1687 1193; x_wconf 91' lang='lat' dir='ltr'>spoliorum</span> <span class='ocrx_word' id='word_1_65' title='bbox 1722 1110 2011 1175; x_wconf 88' lang='lat' dir='ltr'>abstulit.</span> <span class='ocrx_word' id='word_1_66' title='bbox 2101 1108 2475 1173; x_wconf 88' lang='lat' dir='ltr'>Muneribus</span> <span class='ocrx_word' id='word_1_67' title='bbox 2510 1108 2682 1173; x_wconf 91' lang='lat' dir='ltr'>idem</span> 
     </span>
     <span class='ocr_line' id='line_1_12' title="bbox 411 1190 2679 1277; baseline 0.001 -22"><span class='ocrx_word' id='word_1_68' title='bbox 411 1190 770 1257; x_wconf 88' lang='lat' dir='ltr'>delectatus</span> <span class='ocrx_word' id='word_1_69' title='bbox 813 1192 1111 1276; x_wconf 90' lang='lat' dir='ltr'>plurimis</span> <span class='ocrx_word' id='word_1_70' title='bbox 1157 1193 1241 1257; x_wconf 90' lang='lat' dir='ltr'>ad</span> <span class='ocrx_word' id='word_1_71' title='bbox 1283 1195 1681 1277; x_wconf 89' lang='lat' dir='ltr'>Wissegrodi</span> <span class='ocrx_word' id='word_1_72' title='bbox 1723 1194 2157 1259; x_wconf 87' lang='lat' dir='ltr'>introducitur</span> <span class='ocrx_word' id='word_1_73' title='bbox 2200 1193 2563 1277; x_wconf 85' lang='lat' dir='ltr'>ibidemque</span> <span class='ocrx_word' id='word_1_74' title='bbox 2612 1195 2679 1258; x_wconf 91' lang='lat' dir='ltr'>in</span> 
     </span>
     <span class='ocr_line' id='line_1_13' title="bbox 411 1277 2680 1361; baseline 0.001 -20"><span class='ocrx_word' id='word_1_75' title='bbox 411 1277 740 1341; x_wconf 90' lang='lat' dir='ltr'>dominum</span> <span class='ocrx_word' id='word_1_76' title='bbox 787 1278 1204 1357; x_wconf 84' lang='lat' dir='ltr'>exclamatur,</span> <span class='ocrx_word' id='word_1_77' title='bbox 1248 1280 1420 1361; x_wconf 91' lang='lat' dir='ltr'>regis</span> <span class='ocrx_word' id='word_1_78' title='bbox 1464 1279 1927 1361; x_wconf 85' lang='lat' dir='ltr'>indulgentiam</span> <span class='ocrx_word' id='word_1_79' title='bbox 1962 1286 2029 1344; x_wconf 91' lang='lat' dir='ltr'>et</span> <span class='ocrx_word' id='word_1_80' title='bbox 2060 1299 2278 1344; x_wconf 91' lang='lat' dir='ltr'>secum</span> <span class='ocrx_word' id='word_1_81' title='bbox 2312 1278 2439 1343; x_wconf 90' lang='lat' dir='ltr'>huc</span> <span class='ocrx_word' id='word_1_82' title='bbox 2477 1299 2680 1361; x_wconf 89' lang='lat' dir='ltr'>usque</span> 
     </span>
     <span class='ocr_line' id='line_1_14' title="bbox 410 1362 2685 1447; baseline 0 -21"><span class='ocrx_word' id='word_1_83' title='bbox 410 1362 967 1444; x_wconf 87' lang='lat' dir='ltr'>perseverantibus</span> <span class='ocrx_word' id='word_1_84' title='bbox 1021 1362 1134 1427; x_wconf 93' lang='lat' dir='ltr'>diu</span> <span class='ocrx_word' id='word_1_85' title='bbox 1187 1363 1585 1429; x_wconf 88' lang='lat' dir='ltr'>elaboratum</span> <span class='ocrx_word' id='word_1_86' title='bbox 1639 1365 1935 1447; x_wconf 90' lang='lat' dir='ltr'>promisit</span> <span class='ocrx_word' id='word_1_87' title='bbox 1987 1364 2297 1429; x_wconf 85' lang='lat' dir='ltr'>bravium.</span> <span class='ocrx_word' id='word_1_88' title='bbox 2399 1362 2685 1428; x_wconf 89' lang='lat' dir='ltr'>Confluit</span> 
     </span>
     <span class='ocr_line' id='line_1_15' title="bbox 409 1446 2678 1531; baseline 0 -20"><span class='ocrx_word' id='word_1_89' title='bbox 409 1447 883 1529; x_wconf 88' lang='lat' dir='ltr'>undiquesecus</span> <span class='ocrx_word' id='word_1_90' title='bbox 926 1455 1058 1512; x_wconf 88' lang='lat' dir='ltr'>tam</span> <span class='ocrx_word' id='word_1_91' title='bbox 1096 1448 1268 1529; x_wconf 87' lang='lat' dir='ltr'>vulgi</span> <span class='ocrx_word' id='word_1_92' title='bbox 1313 1470 1506 1531; x_wconf 87' lang='lat' dir='ltr'>quam</span> <span class='ocrx_word' id='word_1_93' title='bbox 1563 1450 1925 1514; x_wconf 85' lang='lat' dir='ltr'>seniorumb</span> <span class='ocrx_word' id='word_1_94' title='bbox 1973 1446 2321 1513; x_wconf 88' lang='lat' dir='ltr'>ineffabilis</span> <span class='ocrx_word' id='word_1_95' title='bbox 2358 1448 2551 1512; x_wconf 85' lang='lat' dir='ltr'>turba</span> <span class='ocrx_word' id='word_1_96' title='bbox 2594 1446 2678 1513; x_wconf 89' lang='lat' dir='ltr'>ad</span> 
     </span>
     <span class='ocr_line' id='line_1_16' title="bbox 410 1532 2681 1617; baseline 0.001 -22"><span class='ocrx_word' id='word_1_97' title='bbox 410 1534 683 1615; x_wconf 85' lang='lat' dir='ltr'>gratiam</span> <span class='ocrx_word' id='word_1_98' title='bbox 731 1534 877 1597; x_wconf 89' lang='lat' dir='ltr'>novi</span> <span class='ocrx_word' id='word_1_99' title='bbox 912 1532 1095 1597; x_wconf 90' lang='lat' dir='ltr'>ducis</span> <span class='ocrx_word' id='word_1_100' title='bbox 1130 1534 1609 1617; x_wconf 90' lang='lat' dir='ltr'>percipiendam</span> <span class='ocrx_word' id='word_1_101' title='bbox 1656 1540 1722 1599; x_wconf 90' lang='lat' dir='ltr'>et</span> <span class='ocrx_word' id='word_1_102' title='bbox 1754 1534 1839 1599; x_wconf 87' lang='lat' dir='ltr'>ad</span> <span class='ocrx_word' id='word_1_103' title='bbox 1888 1532 2371 1616; x_wconf 86' lang='lat' dir='ltr'>prestolandum</span> <span class='ocrx_word' id='word_1_104' title='bbox 2417 1532 2681 1615; x_wconf 84' lang='lat' dir='ltr'>gloriosi</span> 
     </span>
     <span class='ocr_line' id='line_1_17' title="bbox 410 1616 2679 1700; baseline 0 -19"><span class='ocrx_word' id='word_1_105' title='bbox 410 1618 582 1700; x_wconf 89' lang='lat' dir='ltr'>regis</span> <span class='ocrx_word' id='word_1_106' title='bbox 637 1638 982 1684; x_wconf 91' lang='lat' dir='ltr'>accessum.</span> <span class='ocrx_word' id='word_1_107' title='bbox 1083 1618 1206 1682; x_wconf 89' lang='lat' dir='ltr'>Hic</span> <span class='ocrx_word' id='word_1_108' title='bbox 1257 1619 1514 1684; x_wconf 88' lang='lat' dir='ltr'>tandem</span> <span class='ocrx_word' id='word_1_109' title='bbox 1563 1618 1908 1685; x_wconf 87' lang='lat' dir='ltr'>adveniens</span> <span class='ocrx_word' id='word_1_110' title='bbox 1975 1618 2057 1683; x_wconf 91' lang='lat' dir='ltr'>ab</span> <span class='ocrx_word' id='word_1_111' title='bbox 2105 1618 2396 1683; x_wconf 87' lang='lat' dir='ltr'>antistite</span> <span class='ocrx_word' id='word_1_112' title='bbox 2444 1616 2679 1681; x_wconf 90' lang='lat' dir='ltr'>Thied-</span> 
     </span>
     <span class='ocr_line' id='line_1_18' title="bbox 410 1702 2679 1786; baseline 0.001 -21"><span class='ocrx_word' id='word_1_113' title='bbox 410 1702 614 1784; x_wconf 87' lang='lat' dir='ltr'>dego¹</span> <span class='ocrx_word' id='word_1_114' title='bbox 652 1710 718 1767; x_wconf 90' lang='lat' dir='ltr'>et</span> <span class='ocrx_word' id='word_1_115' title='bbox 754 1723 794 1765; x_wconf 92' lang='lat' dir='ltr'>a</span> <span class='ocrx_word' id='word_1_116' title='bbox 830 1703 991 1767; x_wconf 92' lang='lat' dir='ltr'>duce</span> <span class='ocrx_word' id='word_1_117' title='bbox 1020 1702 1320 1768; x_wconf 91' lang='lat' dir='ltr'>Iarimiro</span> <span class='ocrx_word' id='word_1_118' title='bbox 1357 1724 1501 1769; x_wconf 92' lang='lat' dir='ltr'>cum</span> <span class='ocrx_word' id='word_1_119' title='bbox 1536 1705 1849 1769; x_wconf 89' lang='lat' dir='ltr'>immenso</span> <span class='ocrx_word' id='word_1_120' title='bbox 1887 1704 2043 1768; x_wconf 88' lang='lat' dir='ltr'>cleri</span> <span class='ocrx_word' id='word_1_121' title='bbox 2082 1704 2416 1786; x_wconf 91' lang='lat' dir='ltr'>tociusque</span> <span class='ocrx_word' id='word_1_122' title='bbox 2453 1703 2679 1786; x_wconf 92' lang='lat' dir='ltr'>populi</span> 
     </span>
     <span class='ocr_line' id='line_1_19' title="bbox 407 1786 2675 1871; baseline 0.001 -20"><span class='ocrx_word' id='word_1_123' title='bbox 407 1786 691 1871; x_wconf 87' lang='lat' dir='ltr'>tripudio</span> <span class='ocrx_word' id='word_1_124' title='bbox 739 1789 1097 1869; x_wconf 89' lang='lat' dir='ltr'>succipitur</span> <span class='ocrx_word' id='word_1_125' title='bbox 1150 1794 1216 1853; x_wconf 92' lang='lat' dir='ltr'>et</span> <span class='ocrx_word' id='word_1_126' title='bbox 1260 1788 1345 1852; x_wconf 90' lang='lat' dir='ltr'>ad</span> <span class='ocrx_word' id='word_1_127' title='bbox 1389 1789 1692 1853; x_wconf 89' lang='lat' dir='ltr'>eclesiam</span> <span class='ocrx_word' id='word_1_128' title='bbox 1744 1790 1953 1854; x_wconf 87' lang='lat' dir='ltr'>sancti</span> <span class='ocrx_word' id='word_1_129' title='bbox 1998 1788 2259 1853; x_wconf 79' lang='lat' dir='ltr'>Georii0</span> <span class='ocrx_word' id='word_1_130' title='bbox 2315 1786 2675 1853; x_wconf 86' lang='lat' dir='ltr'>deducitur.</span> 
     </span>
     <span class='ocr_line' id='line_1_20' title="bbox 410 1871 2678 1957; baseline 0 -21"><span class='ocrx_word' id='word_1_131' title='bbox 410 1871 676 1937; x_wconf 86' lang='lat' dir='ltr'>Cunctis</span> <span class='ocrx_word' id='word_1_132' title='bbox 720 1893 872 1937; x_wconf 85' lang='lat' dir='ltr'>mox</span> <span class='ocrx_word' id='word_1_133' title='bbox 917 1873 1340 1955; x_wconf 83' lang='lat' dir='ltr'>dignitatibus</span> <span class='ocrx_word' id='word_1_134' title='bbox 1385 1894 1427 1939; x_wconf 91' lang='lat' dir='ltr'>a</span> <span class='ocrx_word' id='word_1_135' title='bbox 1470 1894 1620 1957; x_wconf 86' lang='lat' dir='ltr'>rege</span> <span class='ocrx_word' id='word_1_136' title='bbox 1666 1874 2023 1939; x_wconf 85' lang='lat' dir='ltr'>honoratur</span> <span class='ocrx_word' id='word_1_137' title='bbox 2066 1873 2415 1938; x_wconf 87' lang='lat' dir='ltr'>Iaremirus</span> <span class='ocrx_word' id='word_1_138' title='bbox 2464 1878 2678 1957; x_wconf 89' lang='lat' dir='ltr'>pater·</span> 
     </span>
     <span class='ocr_line' id='line_1_21' title="bbox 406 1958 2576 2041; baseline 0.001 -20"><span class='ocrx_word' id='word_1_139' title='bbox 406 1958 528 2036; x_wconf 76' lang='lat' dir='ltr'>niS,</span> <span class='ocrx_word' id='word_1_140' title='bbox 576 1959 938 2022; x_wconf 89' lang='lat' dir='ltr'>convocatis</span> <span class='ocrx_word' id='word_1_141' title='bbox 982 1958 1300 2041; x_wconf 89' lang='lat' dir='ltr'>indigenis</span> <span class='ocrx_word' id='word_1_142' title='bbox 1348 1979 1561 2023; x_wconf 90' lang='lat' dir='ltr'>coram</span> <span class='ocrx_word' id='word_1_143' title='bbox 1610 1958 1925 2023; x_wconf 78' lang='lat' dir='ltr'>omnibus·</span> <span class='ocrx_word' id='word_1_144' title='bbox 2572 1992 2576 1997; x_wconf 93' lang='lat'>·</span> 
     </span>
    </p>

    <p class='ocr_par' dir='ltr' id='par_1_6' title="bbox 406 2042 2967 4003">
     <span class='ocr_line' id='line_1_22' title="bbox 587 2042 2886 2127; baseline -0.002 -22"><span class='ocrx_word' id='word_1_145' title='bbox 587 2042 684 2108; x_wconf 85' lang='lat'>13.</span> <span class='ocrx_word' id='word_1_146' title='bbox 731 2042 891 2127; x_wconf 90' lang='lat'>(10.)</span> <span class='ocrx_word' id='word_1_147' title='bbox 955 2042 1078 2107; x_wconf 89' lang='lat' dir='ltr'>Sed</span> <span class='ocrx_word' id='word_1_148' title='bbox 1124 2065 1268 2108; x_wconf 89' lang='lat' dir='ltr'>cum</span> <span class='ocrx_word' id='word_1_149' title='bbox 1314 2043 1407 2107; x_wconf 91' lang='lat' dir='ltr'>ibi</span> <span class='ocrx_word' id='word_1_150' title='bbox 1451 2051 1715 2109; x_wconf 86' lang='lat' dir='ltr'>sanctae</span> <span class='ocrx_word' id='word_1_151' title='bbox 1751 2044 1871 2107; x_wconf 90' lang='lat' dir='ltr'>Dei</span> <span class='ocrx_word' id='word_1_152' title='bbox 1916 2042 2242 2125; x_wconf 87' lang='lat' dir='ltr'>genitricis</span> <span class='ocrx_word' id='word_1_153' title='bbox 2287 2048 2503 2106; x_wconf 91' lang='lat' dir='ltr'>ortum</span> <span class='ocrx_word' id='word_1_154' title='bbox 2544 2060 2677 2105; x_wconf 94' lang='lat' dir='ltr'>om-</span> <span class='ocrx_word' id='word_1_155' title='bbox 2706 2062 2886 2110; x_wconf 54' lang='lat' dir='ltr'>sepas.</span> 
     </span>
     <span class='ocr_line' id='line_1_23' title="bbox 410 2125 2677 2209; baseline 0 -20"><span class='ocrx_word' id='word_1_156' title='bbox 410 2128 475 2189; x_wconf 91' lang='lat' dir='ltr'>ni</span> <span class='ocrx_word' id='word_1_157' title='bbox 525 2125 837 2190; x_wconf 90' lang='lat' dir='ltr'>celebrem</span> <span class='ocrx_word' id='word_1_158' title='bbox 883 2127 1120 2191; x_wconf 90' lang='lat' dir='ltr'>mundo</span> <span class='ocrx_word' id='word_1_159' title='bbox 1164 2150 1282 2193; x_wconf 84' lang='lat' dir='ltr'>rex</span> <span class='ocrx_word' id='word_1_160' title='bbox 1323 2136 1767 2209; x_wconf 86' lang='lat' dir='ltr'>veneraretur,</span> <span class='ocrx_word' id='word_1_161' title='bbox 1822 2127 2357 2203; x_wconf 74' lang='lat' dir='ltr'>Goddescalcus&lt;1‚</span> <span class='ocrx_word' id='word_1_162' title='bbox 2413 2132 2677 2192; x_wconf 88' lang='lat' dir='ltr'>sanctae</span> 
     </span>
     <span class='ocr_line' id='line_1_24' title="bbox 412 2210 2677 2296; baseline 0 -21"><span class='ocrx_word' id='word_1_163' title='bbox 412 2211 879 2293; x_wconf 73' lang='lat' dir='ltr'>Frisingensise</span> <span class='ocrx_word' id='word_1_164' title='bbox 913 2214 1264 2279; x_wconf 87' lang='lat' dir='ltr'>aecclesiae</span> <span class='ocrx_word' id='word_1_165' title='bbox 1308 2214 1691 2279; x_wconf 88' lang='lat' dir='ltr'>venerabilis</span> <span class='ocrx_word' id='word_1_166' title='bbox 1736 2211 2032 2296; x_wconf 85' lang='lat' dir='ltr'>pastor2,</span> <span class='ocrx_word' id='word_1_167' title='bbox 2085 2210 2364 2277; x_wconf 83' lang='lat' dir='ltr'>nomen3</span> <span class='ocrx_word' id='word_1_168' title='bbox 2417 2232 2560 2275; x_wconf 91' lang='lat' dir='ltr'>cum</span> <span class='ocrx_word' id='word_1_169' title='bbox 2605 2230 2677 2275; x_wconf 92' lang='lat' dir='ltr'>re</span> 
     </span>
     <span class='ocr_line' id='line_1_25' title="bbox 410 2294 2679 2382; baseline 0 -23"><span class='ocrx_word' id='word_1_170' title='bbox 410 2294 766 2379; x_wconf 77' lang='lat' dir='ltr'>possidenS‚</span> <span class='ocrx_word' id='word_1_171' title='bbox 824 2298 1087 2362; x_wconf 88' lang='lat' dir='ltr'>missam</span> <span class='ocrx_word' id='word_1_172' title='bbox 1131 2319 1362 2363; x_wconf 89' lang='lat' dir='ltr'>canere</span> <span class='ocrx_word' id='word_1_173' title='bbox 1405 2320 1483 2364; x_wconf 89' lang='lat' dir='ltr'>ac</span> <span class='ocrx_word' id='word_1_174' title='bbox 1525 2298 1801 2382; x_wconf 89' lang='lat' dir='ltr'>populos</span> <span class='ocrx_word' id='word_1_175' title='bbox 1845 2298 2185 2362; x_wconf 89' lang='lat' dir='ltr'>instituere</span> <span class='ocrx_word' id='word_1_176' title='bbox 2228 2296 2311 2360; x_wconf 90' lang='lat' dir='ltr'>ab</span> <span class='ocrx_word' id='word_1_177' title='bbox 2355 2316 2429 2360; x_wconf 91' lang='lat' dir='ltr'>eo</span> <span class='ocrx_word' id='word_1_178' title='bbox 2472 2296 2679 2379; x_wconf 91' lang='lat' dir='ltr'>preci-</span> 
     </span>
     <span class='ocr_line' id='line_1_26' title="bbox 410 2380 2677 2467; baseline -0.001 -22"><span class='ocrx_word' id='word_1_179' title='bbox 410 2382 590 2464; x_wconf 91' lang='lat' dir='ltr'>pitur</span> <span class='ocrx_word' id='word_1_180' title='bbox 633 2386 698 2445; x_wconf 87' lang='lat' dir='ltr'>et</span> <span class='ocrx_word' id='word_1_181' title='bbox 749 2380 832 2445; x_wconf 90' lang='lat' dir='ltr'>ab</span> <span class='ocrx_word' id='word_1_182' title='bbox 885 2384 1181 2467; x_wconf 90' lang='lat' dir='ltr'>episcopo</span> <span class='ocrx_word' id='word_1_183' title='bbox 1239 2383 1410 2449; x_wconf 90' lang='lat' dir='ltr'>sedis</span> <span class='ocrx_word' id='word_1_184' title='bbox 1465 2384 1645 2448; x_wconf 91' lang='lat' dir='ltr'>illius</span> <span class='ocrx_word' id='word_1_185' title='bbox 1689 2384 2101 2467; x_wconf 89' lang='lat' dir='ltr'>permittitur.</span> <span class='ocrx_word' id='word_1_186' title='bbox 2192 2380 2479 2445; x_wconf 89' lang='lat' dir='ltr'>Perlecto</span> <span class='ocrx_word' id='word_1_187' title='bbox 2522 2390 2677 2444; x_wconf 91' lang='lat' dir='ltr'>tunc</span> 
     </span>
     <span class='ocr_line' id='line_1_27' title="bbox 411 2464 2676 2550; baseline 0 -20"><span class='ocrx_word' id='word_1_188' title='bbox 411 2466 826 2550; x_wconf 79' lang='lat' dir='ltr'>euvangelio*</span> <span class='ocrx_word' id='word_1_189' title='bbox 870 2474 1203 2550; x_wconf 86' lang='lat' dir='ltr'>presentes</span> <span class='ocrx_word' id='word_1_190' title='bbox 1247 2469 1414 2534; x_wconf 89' lang='lat' dir='ltr'>idem</span> <span class='ocrx_word' id='word_1_191' title='bbox 1460 2474 1784 2535; x_wconf 86' lang='lat' dir='ltr'>ammonet</span> <span class='ocrx_word' id='word_1_192' title='bbox 1828 2468 1907 2532; x_wconf 88' lang='lat' dir='ltr'>de</span> <span class='ocrx_word' id='word_1_193' title='bbox 1951 2468 2185 2533; x_wconf 88' lang='lat' dir='ltr'>timore</span> <span class='ocrx_word' id='word_1_194' title='bbox 2225 2465 2439 2531; x_wconf 90' lang='lat' dir='ltr'>divino</span> <span class='ocrx_word' id='word_1_195' title='bbox 2490 2471 2555 2530; x_wconf 93' lang='lat' dir='ltr'>et</span> <span class='ocrx_word' id='word_1_196' title='bbox 2594 2464 2676 2531; x_wconf 89' lang='lat' dir='ltr'>de</span> 
     </span>
     <span class='ocr_line' id='line_1_28' title="bbox 409 2549 2679 2636; baseline -0.001 -19"><span class='ocrx_word' id='word_1_197' title='bbox 409 2553 842 2617; x_wconf 88' lang='lat' dir='ltr'>conservando</span> <span class='ocrx_word' id='word_1_198' title='bbox 895 2555 1187 2636; x_wconf 87' lang='lat' dir='ltr'>geminae</span> <span class='ocrx_word' id='word_1_199' title='bbox 1239 2555 1607 2620; x_wconf 87' lang='lat' dir='ltr'>dilectionis</span> <span class='ocrx_word' id='word_1_200' title='bbox 1660 2554 1943 2633; x_wconf 88' lang='lat' dir='ltr'>vinculo,</span> <span class='ocrx_word' id='word_1_201' title='bbox 2004 2553 2083 2617; x_wconf 90' lang='lat' dir='ltr'>de</span> <span class='ocrx_word' id='word_1_202' title='bbox 2136 2551 2505 2618; x_wconf 89' lang='lat' dir='ltr'>obedientia</span> <span class='ocrx_word' id='word_1_203' title='bbox 2557 2549 2679 2615; x_wconf 86' lang='lat' dir='ltr'>Dei</span> 
     </span>
     <span class='ocr_line' id='line_1_29' title="bbox 409 2637 2677 2723; baseline -0.001 -21"><span class='ocrx_word' id='word_1_204' title='bbox 409 2637 984 2722; x_wconf 83' lang='lat' dir='ltr'>sublimiorumque</span> <span class='ocrx_word' id='word_1_205' title='bbox 1047 2639 1324 2704; x_wconf 84' lang='lat' dir='ltr'>*honore</span> <span class='ocrx_word' id='word_1_206' title='bbox 1383 2646 1778 2723; x_wconf 89' lang='lat' dir='ltr'>potestatum</span> <span class='ocrx_word' id='word_1_207' title='bbox 1845 2645 1911 2703; x_wconf 87' lang='lat' dir='ltr'>et</span> <span class='ocrx_word' id='word_1_208' title='bbox 1965 2637 2050 2703; x_wconf 89' lang='lat' dir='ltr'>ad</span> <span class='ocrx_word' id='word_1_209' title='bbox 2111 2637 2406 2701; x_wconf 91' lang='lat' dir='ltr'>ultimum</span> <span class='ocrx_word' id='word_1_210' title='bbox 2461 2655 2677 2719; x_wconf 86' lang='lat' dir='ltr'>regem</span> 
     </span>
     <span class='ocr_line' id='line_1_30' title="bbox 408 2721 2731 2808; baseline -0 -21"><span class='ocrx_word' id='word_1_211' title='bbox 408 2723 692 2787; x_wconf 84' lang='lat' dir='ltr'>suaviter</span> <span class='ocrx_word' id='word_1_212' title='bbox 744 2724 1147 2806; x_wconf 84' lang='lat' dir='ltr'>aggreditur,</span> <span class='ocrx_word' id='word_1_213' title='bbox 1203 2731 1276 2789; x_wconf 92' lang='lat' dir='ltr'>ut</span> <span class='ocrx_word' id='word_1_214' title='bbox 1329 2733 1532 2790; x_wconf 91' lang='lat' dir='ltr'>semet</span> <span class='ocrx_word' id='word_1_215' title='bbox 1586 2745 1937 2808; x_wconf 87' lang='lat' dir='ltr'>agnoscere</span> <span class='ocrx_word' id='word_1_216' title='bbox 1993 2728 2062 2788; x_wconf 86' lang='lat' dir='ltr'>et</span> <span class='ocrx_word' id='word_1_217' title='bbox 2115 2721 2355 2800; x_wconf 88' lang='lat' dir='ltr'>omnia,</span> <span class='ocrx_word' id='word_1_218' title='bbox 2418 2742 2584 2805; x_wconf 89' lang='lat' dir='ltr'>quae</span> <span class='ocrx_word' id='word_1_219' title='bbox 2637 2739 2679 2786; x_wconf 87' lang='lat' dir='ltr'>a</span> <span class='ocrx_word' id='word_1_220' title='bbox 2726 2797 2731 2802; x_wconf 38' lang='grc'><strong>,</strong></span> 
     </span>
     <span class='ocr_line' id='line_1_31' title="bbox 406 2804 2677 2893; baseline -0 -22"><span class='ocrx_word' id='word_1_221' title='bbox 406 2809 632 2891; x_wconf 89' lang='lat' dir='ltr'>primis</span> <span class='ocrx_word' id='word_1_222' title='bbox 676 2808 847 2873; x_wconf 87' lang='lat' dir='ltr'>vitae</span> <span class='ocrx_word' id='word_1_223' title='bbox 899 2809 1091 2873; x_wconf 89' lang='lat' dir='ltr'>huius</span> <span class='ocrx_word' id='word_1_224' title='bbox 1145 2809 1483 2874; x_wconf 87' lang='lat' dir='ltr'>cunabulis</span> <span class='ocrx_word' id='word_1_225' title='bbox 1538 2830 1741 2893; x_wconf 89' lang='lat' dir='ltr'>usque</span> <span class='ocrx_word' id='word_1_226' title='bbox 1794 2808 1880 2872; x_wconf 90' lang='lat' dir='ltr'>ad</span> <span class='ocrx_word' id='word_1_227' title='bbox 1931 2808 2057 2873; x_wconf 91' lang='lat' dir='ltr'>hoc</span> <span class='ocrx_word' id='word_1_228' title='bbox 2106 2814 2363 2889; x_wconf 90' lang='lat' dir='ltr'>tempus</span> <span class='ocrx_word' id='word_1_229' title='bbox 2415 2804 2677 2870; x_wconf 90' lang='lat' dir='ltr'>honoris</span> 
     </span>
     <span class='ocr_line' id='line_1_32' title="bbox 408 2889 2678 2979; baseline -0.001 -23"><span class='ocrx_word' id='word_1_230' title='bbox 408 2893 760 2956; x_wconf 89' lang='lat' dir='ltr'>alicuiusve</span> <span class='ocrx_word' id='word_1_231' title='bbox 821 2893 1296 2958; x_wconf 89' lang='lat' dir='ltr'>commoditatis</span> <span class='ocrx_word' id='word_1_232' title='bbox 1357 2916 1665 2979; x_wconf 89' lang='lat' dir='ltr'>umquam</span> <span class='ocrx_word' id='word_1_233' title='bbox 1725 2895 2036 2977; x_wconf 87' lang='lat' dir='ltr'>percepit,</span> <span class='ocrx_word' id='word_1_234' title='bbox 2097 2892 2400 2974; x_wconf 90' lang='lat' dir='ltr'>largitate</span> <span class='ocrx_word' id='word_1_235' title='bbox 2460 2889 2678 2954; x_wconf 87' lang='lat' dir='ltr'>divina</span> 
     </span>
     <span class='ocr_line' id='line_1_33' title="bbox 407 2974 2679 3059; baseline 0 -21"><span class='ocrx_word' id='word_1_236' title='bbox 407 2977 629 3059; x_wconf 91' lang='lat' dir='ltr'>pocius</span> <span class='ocrx_word' id='word_1_237' title='bbox 709 2997 903 3058; x_wconf 92' lang='lat' dir='ltr'>quam</span> <span class='ocrx_word' id='word_1_238' title='bbox 983 2980 1117 3043; x_wconf 91' lang='lat' dir='ltr'>suis</span> <span class='ocrx_word' id='word_1_239' title='bbox 1197 2981 1444 3045; x_wconf 87' lang='lat' dir='ltr'>meritis</span> <span class='ocrx_word' id='word_1_240' title='bbox 1524 2979 1883 3044; x_wconf 89' lang='lat' dir='ltr'>asscribere</span> <span class='ocrx_word' id='word_1_241' title='bbox 1956 2977 2280 3042; x_wconf 89' lang='lat' dir='ltr'>voluisset.</span> <span class='ocrx_word' id='word_1_242' title='bbox 2404 2974 2679 3056; x_wconf 88' lang='lat' dir='ltr'>Insuper</span> 
     </span>
     <span class='ocr_line' id='line_1_34' title="bbox 410 3061 2678 3148; baseline 0 -25"><span class='ocrx_word' id='word_1_243' title='bbox 410 3061 890 3126; x_wconf 89' lang='lat' dir='ltr'>misericordiae</span> <span class='ocrx_word' id='word_1_244' title='bbox 935 3065 1319 3128; x_wconf 87' lang='lat' dir='ltr'>mentionem</span> <span class='ocrx_word' id='word_1_245' title='bbox 1365 3065 1538 3144; x_wconf 86' lang='lat' dir='ltr'>fecit,</span> <span class='ocrx_word' id='word_1_246' title='bbox 1596 3085 1763 3148; x_wconf 92' lang='lat' dir='ltr'>quae</span> <span class='ocrx_word' id='word_1_247' title='bbox 1807 3064 2065 3128; x_wconf 89' lang='lat' dir='ltr'>unicum</span> <span class='ocrx_word' id='word_1_248' title='bbox 2113 3068 2213 3126; x_wconf 89' lang='lat' dir='ltr'>est</span> <span class='ocrx_word' id='word_1_249' title='bbox 2257 3061 2489 3125; x_wconf 90' lang='lat' dir='ltr'>salutis</span> <span class='ocrx_word' id='word_1_250' title='bbox 2532 3081 2678 3143; x_wconf 90' lang='lat' dir='ltr'>pre-</span> 
     </span>
     <span class='ocr_line' id='line_1_35' title="bbox 411 3145 2677 3230; baseline 0 -20"><span class='ocrx_word' id='word_1_251' title='bbox 411 3145 674 3223; x_wconf 87' lang='lat' dir='ltr'>sidium,</span> <span class='ocrx_word' id='word_1_252' title='bbox 751 3147 1112 3213; x_wconf 87' lang='lat' dir='ltr'>venerabile</span> <span class='ocrx_word' id='word_1_253' title='bbox 1183 3147 1338 3214; x_wconf 89' lang='lat' dir='ltr'>fidei</span> <span class='ocrx_word' id='word_1_254' title='bbox 1408 3155 1857 3214; x_wconf 87' lang='lat' dir='ltr'>ornamentum</span> <span class='ocrx_word' id='word_1_255' title='bbox 1927 3155 1993 3213; x_wconf 93' lang='lat' dir='ltr'>et</span> <span class='ocrx_word' id='word_1_256' title='bbox 2061 3147 2325 3230; x_wconf 69' lang='lat' dir='ltr'>magnas</span> <span class='ocrx_word' id='word_1_257' title='bbox 2381 3145 2677 3210; x_wconf 88' lang='lat' dir='ltr'>remissio</span> 
     </span>
     <span class='ocr_line' id='line_1_36' title="bbox 409 3230 2677 3318; baseline 0 -25"><span class='ocrx_word' id='word_1_258' title='bbox 409 3235 834 3314; x_wconf 81' lang='lat' dir='ltr'>peccatorum.</span> <span class='ocrx_word' id='word_1_259' title='bbox 965 3233 1038 3296; x_wconf 91' lang='lat' dir='ltr'>In</span> <span class='ocrx_word' id='word_1_260' title='bbox 1111 3233 1294 3298; x_wconf 88' lang='lat' dir='ltr'>cuius</span> <span class='ocrx_word' id='word_1_261' title='bbox 1365 3254 1557 3318; x_wconf 87' lang='lat' dir='ltr'>opere</span> <span class='ocrx_word' id='word_1_262' title='bbox 1628 3233 1943 3298; x_wconf 88' lang='lat' dir='ltr'>servando</span> <span class='ocrx_word' id='word_1_263' title='bbox 2004 3234 2354 3315; x_wconf 90' lang='lat' dir='ltr'>unicuique</span> <span class='ocrx_word' id='word_1_264' title='bbox 2416 3230 2677 3295; x_wconf 85' lang='lat' dir='ltr'>Christo</span> 
     </span>
     <span class='ocr_line' id='line_1_37' title="bbox 408 3313 2675 3402; baseline 0 -24"><span class='ocrx_word' id='word_1_265' title='bbox 408 3313 694 3379; x_wconf 89' lang='lat' dir='ltr'>fidelium</span> <span class='ocrx_word' id='word_1_266' title='bbox 730 3317 858 3380; x_wconf 86' lang='lat' dir='ltr'>tria</span> <span class='ocrx_word' id='word_1_267' title='bbox 896 3326 1046 3382; x_wconf 88' lang='lat' dir='ltr'>sunt</span> <span class='ocrx_word' id='word_1_268' title='bbox 1081 3339 1330 3402; x_wconf 88' lang='lat' dir='ltr'>semper</span> <span class='ocrx_word' id='word_1_269' title='bbox 1366 3317 1674 3401; x_wconf 85' lang='lat' dir='ltr'>optanda:</span> <span class='ocrx_word' id='word_1_270' title='bbox 1720 3339 1907 3402; x_wconf 90' lang='lat' dir='ltr'>posse</span> <span class='ocrx_word' id='word_1_271' title='bbox 1944 3325 2009 3382; x_wconf 90' lang='lat' dir='ltr'>et</span> <span class='ocrx_word' id='word_1_272' title='bbox 2040 3317 2201 3383; x_wconf 91' lang='lat' dir='ltr'>velle</span> <span class='ocrx_word' id='word_1_273' title='bbox 2236 3337 2314 3381; x_wconf 91' lang='lat' dir='ltr'>ac</span> <span class='ocrx_word' id='word_1_274' title='bbox 2350 3315 2675 3397; x_wconf 89' lang='lat' dir='ltr'>perficere.</span> 
     </span>
     <span class='ocr_line' id='line_1_38' title="bbox 411 3399 2680 3487; baseline 0 -23"><span class='ocrx_word' id='word_1_275' title='bbox 411 3401 590 3478; x_wconf 83' lang='lat' dir='ltr'>Quae</span> <span class='ocrx_word' id='word_1_276' title='bbox 645 3421 790 3464; x_wconf 90' lang='lat' dir='ltr'>cum</span> <span class='ocrx_word' id='word_1_277' title='bbox 844 3423 886 3466; x_wconf 91' lang='lat' dir='ltr'>a</span> <span class='ocrx_word' id='word_1_278' title='bbox 938 3405 1188 3468; x_wconf 90' lang='lat' dir='ltr'>cunctis</span> <span class='ocrx_word' id='word_1_279' title='bbox 1245 3405 1376 3469; x_wconf 91' lang='lat' dir='ltr'>sint</span> <span class='ocrx_word' id='word_1_280' title='bbox 1426 3404 1841 3487; x_wconf 90' lang='lat' dir='ltr'>adinplenda,</span> <span class='ocrx_word' id='word_1_281' title='bbox 1906 3403 1990 3466; x_wconf 90' lang='lat' dir='ltr'>ab</span> <span class='ocrx_word' id='word_1_282' title='bbox 2043 3403 2145 3466; x_wconf 91' lang='lat' dir='ltr'>his</span> <span class='ocrx_word' id='word_1_283' title='bbox 2198 3403 2503 3477; x_wconf 86' lang='lat' dir='ltr'>maxime,</span> <span class='ocrx_word' id='word_1_284' title='bbox 2566 3399 2680 3482; x_wconf 89' lang='lat' dir='ltr'>qui</span> 
     </span>
     <span class='ocr_line' id='line_1_39' title="bbox 409 3485 2678 3568; baseline -0.001 -18"><span class='ocrx_word' id='word_1_285' title='bbox 409 3485 655 3550; x_wconf 90' lang='lat' dir='ltr'>nullum</span> <span class='ocrx_word' id='word_1_286' title='bbox 699 3485 984 3552; x_wconf 89' lang='lat' dir='ltr'>ledentes</span> <span class='ocrx_word' id='word_1_287' title='bbox 1042 3487 1167 3552; x_wconf 90' lang='lat' dir='ltr'>sibi</span> <span class='ocrx_word' id='word_1_288' title='bbox 1212 3496 1404 3553; x_wconf 86' lang='lat' dir='ltr'>avent</span> <span class='ocrx_word' id='word_1_289' title='bbox 1449 3490 1688 3554; x_wconf 89' lang='lat' dir='ltr'>similia</span> <span class='ocrx_word' id='word_1_290' title='bbox 1733 3489 1807 3552; x_wconf 86' lang='lat' dir='ltr'>*a</span> <span class='ocrx_word' id='word_1_291' title='bbox 1852 3487 2128 3552; x_wconf 90' lang='lat' dir='ltr'>Domino</span> <span class='ocrx_word' id='word_1_292' title='bbox 2171 3485 2678 3568; x_wconf 90' lang='lat' dir='ltr'>recompensari;</span> 
     </span>
     <span class='ocr_line' id='line_1_40' title="bbox 408 3568 2679 3652; baseline -0.001 -16"><span class='ocrx_word' id='word_1_293' title='bbox 408 3575 502 3649; x_wconf 78' lang='lat' dir='ltr'>et,</span> <span class='ocrx_word' id='word_1_294' title='bbox 567 3577 642 3635; x_wconf 91' lang='lat' dir='ltr'>ut</span> <span class='ocrx_word' id='word_1_295' title='bbox 693 3573 1090 3652; x_wconf 89' lang='lat' dir='ltr'>acceptabile</span> <span class='ocrx_word' id='word_1_296' title='bbox 1148 3573 1232 3638; x_wconf 90' lang='lat' dir='ltr'>ab</span> <span class='ocrx_word' id='word_1_297' title='bbox 1285 3573 1387 3638; x_wconf 90' lang='lat' dir='ltr'>his</span> <span class='ocrx_word' id='word_1_298' title='bbox 1443 3574 1580 3638; x_wconf 90' lang='lat' dir='ltr'>Deo</span> <span class='ocrx_word' id='word_1_299' title='bbox 1624 3580 1842 3638; x_wconf 90' lang='lat' dir='ltr'>votum</span> <span class='ocrx_word' id='word_1_300' title='bbox 1896 3571 2037 3651; x_wconf 89' lang='lat' dir='ltr'>fiat,</span> <span class='ocrx_word' id='word_1_301' title='bbox 2101 3592 2180 3636; x_wconf 86' lang='lat' dir='ltr'>ex</span> <span class='ocrx_word' id='word_1_302' title='bbox 2236 3571 2429 3635; x_wconf 90' lang='lat' dir='ltr'>corde</span> <span class='ocrx_word' id='word_1_303' title='bbox 2483 3568 2679 3634; x_wconf 89' lang='lat' dir='ltr'>debet</span> 
     </span>
     <span class='ocr_line' id='line_1_41' title="bbox 408 3653 2678 3740; baseline -0.001 -20"><span class='ocrx_word' id='word_1_304' title='bbox 408 3656 911 3739; x_wconf 87' lang='lat' dir='ltr'>unumquodque</span> <span class='ocrx_word' id='word_1_305' title='bbox 953 3658 1178 3740; x_wconf 88' lang='lat' dir='ltr'>largiri</span> <span class='ocrx_word' id='word_1_306' title='bbox 1223 3664 1288 3723; x_wconf 91' lang='lat' dir='ltr'>et</span> <span class='ocrx_word' id='word_1_307' title='bbox 1331 3660 1579 3724; x_wconf 90' lang='lat' dir='ltr'>cunctis</span> <span class='ocrx_word' id='word_1_308' title='bbox 1623 3657 2027 3724; x_wconf 91' lang='lat' dir='ltr'>debitoribus</span> <span class='ocrx_word' id='word_1_309' title='bbox 2070 3656 2343 3734; x_wconf 89' lang='lat' dir='ltr'>remitti,</span> <span class='ocrx_word' id='word_1_310' title='bbox 2396 3675 2477 3718; x_wconf 95' lang='lat' dir='ltr'>ne</span> <span class='ocrx_word' id='word_1_311' title='bbox 2522 3653 2678 3718; x_wconf 91' lang='lat' dir='ltr'>mali</span> 
     </span>
     <span class='ocr_line' id='line_1_42' title="bbox 407 3738 2947 3830; baseline -0.001 -26"><span class='ocrx_word' id='word_1_312' title='bbox 407 3742 543 3806; x_wconf 88' lang='lat' dir='ltr'>vice</span> <span class='ocrx_word' id='word_1_313' title='bbox 587 3742 791 3806; x_wconf 69' lang='lat' dir='ltr'>servig</span> <span class='ocrx_word' id='word_1_314' title='bbox 834 3740 994 3806; x_wconf 87' lang='lat' dir='ltr'>diris</span> <span class='ocrx_word' id='word_1_315' title='bbox 1038 3744 1518 3826; x_wconf 85' lang='lat' dir='ltr'>asstringantur</span> <span class='ocrx_word' id='word_1_316' title='bbox 1561 3743 1919 3809; x_wconf 80' lang='lat' dir='ltr'>tormentis,</span> <span class='ocrx_word' id='word_1_317' title='bbox 2006 3741 2091 3805; x_wconf 88' lang='lat' dir='ltr'>Et</span> <span class='ocrx_word' id='word_1_318' title='bbox 2125 3741 2227 3805; x_wconf 84' lang='lat' dir='ltr'>his</span> <span class='ocrx_word' id='word_1_319' title='bbox 2263 3739 2673 3805; x_wconf 88' lang='lat' dir='ltr'>concludens:</span> <span class='ocrx_word' id='word_1_320' title='bbox 2703 3738 2947 3830; x_wconf 52' lang='grc' dir='ltr'>ξ’ξὲἑὶθν</span> 
     </span>
     <span class='ocr_line' id='line_1_43' title="bbox 411 3823 2676 3912; baseline -0.001 -23"><span class='ocrx_word' id='word_1_321' title='bbox 411 3825 562 3906; x_wconf 83' lang='lat' dir='ltr'>‘Te,’</span> <span class='ocrx_word' id='word_1_322' title='bbox 606 3827 965 3909; x_wconf 74' lang='lat' dir='ltr'>inquiensh,</span> <span class='ocrx_word' id='word_1_323' title='bbox 1014 3828 1319 3892; x_wconf 86' lang='lat' dir='ltr'>‘obtestor</span> <span class='ocrx_word' id='word_1_324' title='bbox 1360 3850 1475 3912; x_wconf 91' lang='lat' dir='ltr'>per</span> <span class='ocrx_word' id='word_1_325' title='bbox 1518 3848 1749 3894; x_wconf 90' lang='lat' dir='ltr'>nomen</span> <span class='ocrx_word' id='word_1_326' title='bbox 1784 3833 1852 3892; x_wconf 90' lang='lat' dir='ltr'>et</span> <span class='ocrx_word' id='word_1_327' title='bbox 1888 3846 2172 3892; x_wconf 91' lang='lat' dir='ltr'>amorem</span> <span class='ocrx_word' id='word_1_328' title='bbox 2208 3826 2365 3903; x_wconf 88' lang='lat' dir='ltr'>eius,</span> <span class='ocrx_word' id='word_1_329' title='bbox 2410 3825 2522 3906; x_wconf 89' lang='lat' dir='ltr'>qui</span> <span class='ocrx_word' id='word_1_330' title='bbox 2560 3823 2676 3888; x_wconf 75' lang='lat' dir='ltr'>suo</span> 
     </span>
     <span class='ocr_line' id='line_1_44' title="bbox 411 3899 2967 4003; baseline -0 -30"><span class='ocrx_word' id='word_1_331' title='bbox 411 3909 688 3977; x_wconf 90' lang='lat' dir='ltr'>debitori</span> <span class='ocrx_word' id='word_1_332' title='bbox 733 3911 951 3976; x_wconf 89' lang='lat' dir='ltr'>decem</span> <span class='ocrx_word' id='word_1_333' title='bbox 998 3913 1179 3976; x_wconf 89' lang='lat' dir='ltr'>milia</span> <span class='ocrx_word' id='word_1_334' title='bbox 1221 3912 1635 3992; x_wconf 90' lang='lat' dir='ltr'>talentorum,</span> <span class='ocrx_word' id='word_1_335' title='bbox 1680 3911 1748 3976; x_wconf 90' lang='lat' dir='ltr'>id</span> <span class='ocrx_word' id='word_1_336' title='bbox 1794 3917 1895 3977; x_wconf 89' lang='lat' dir='ltr'>est</span> <span class='ocrx_word' id='word_1_337' title='bbox 1934 3911 2148 3976; x_wconf 71' lang='lat' dir='ltr'>Iudeis</span> <span class='ocrx_word' id='word_1_338' title='bbox 2190 3910 2497 3975; x_wconf 49' lang='lat' dir='ltr'>recutiti&amp;</span> <span class='ocrx_word' id='word_1_339' title='bbox 2532 3927 2673 3973; x_wconf 90' lang='lat' dir='ltr'>suo·</span> <span class='ocrx_word' id='word_1_340' title='bbox 2704 3899 2967 4003; x_wconf 53' lang='lat' dir='ltr'>vhiiftiffl‘s.</span> 
     </span>
    </p>
   </div>
   <div class='ocr_carea' id='block_1_6' title="bbox 519 4046 2162 4117">
    <p class='ocr_par' dir='ltr' id='par_1_7' title="bbox 519 4046 2162 4117">
     <span class='ocr_line' id='line_1_45' title="bbox 519 4046 2162 4117; baseline -0.001 -15"><span class='ocrx_word' id='word_1_341' title='bbox 519 4048 575 4114; x_wconf 68' lang='lat'>²⁸)</span> <span class='ocrx_word' id='word_1_342' title='bbox 613 4047 840 4116; x_wconf 86' lang='lat' dir='ltr'>gradum</span> <span class='ocrx_word' id='word_1_343' title='bbox 877 4048 1116 4103; x_wconf 82' lang='lat' dir='ltr'>ascendit</span> <span class='ocrx_word' id='word_1_344' title='bbox 1152 4049 1279 4104; x_wconf 84' lang='lat' dir='ltr'>add.</span> <span class='ocrx_word' id='word_1_345' title='bbox 1307 4051 1371 4115; x_wconf 82' lang='grc'>2,·</span> <span class='ocrx_word' id='word_1_346' title='bbox 1417 4048 1646 4117; x_wconf 88' lang='lat' dir='ltr'>gradum</span> <span class='ocrx_word' id='word_1_347' title='bbox 1682 4046 1969 4103; x_wconf 86' lang='lat' dir='ltr'>ascendens</span> <span class='ocrx_word' id='word_1_348' title='bbox 2006 4049 2077 4102; x_wconf 84' lang='grc' dir='ltr'>Α.</span> <span class='ocrx_word' id='word_1_349' title='bbox 2103 4046 2162 4102; x_wconf 77' lang='lat' dir='ltr'>S.</span> 
     </span>
    </p>
   </div>
   <div class='ocr_carea' id='block_1_7' title="bbox 407 4162 2674 4320">
    <p class='ocr_par' dir='ltr' id='par_1_8' title="bbox 407 4162 2674 4320">
     <span class='ocr_line' id='line_1_46' title="bbox 409 4162 2669 4217; baseline -0 -14"><span class='ocrx_word' id='word_1_350' title='bbox 409 4168 452 4210; x_wconf 79' lang='lat' dir='ltr'>a)</span> <span class='ocrx_word' id='word_1_351' title='bbox 496 4166 818 4214; x_wconf 76' lang='lat' dir='ltr'>preciosorlbus</span> <span class='ocrx_word' id='word_1_352' title='bbox 855 4169 896 4206; x_wconf 82' lang='lat'>1.</span> <span class='ocrx_word' id='word_1_353' title='bbox 1025 4164 1073 4217; x_wconf 89' lang='lat' dir='ltr'>b)</span> <span class='ocrx_word' id='word_1_354' title='bbox 1117 4166 1331 4206; x_wconf 74' lang='lat' dir='ltr'>nobilium</span> <span class='ocrx_word' id='word_1_355' title='bbox 1371 4167 1408 4215; x_wconf 75' lang='lat'>2,</span> <span class='ocrx_word' id='word_1_356' title='bbox 1444 4167 1498 4206; x_wconf 75' lang='lat' dir='ltr'>A.</span> <span class='ocrx_word' id='word_1_357' title='bbox 1527 4167 1575 4206; x_wconf 85' lang='lat' dir='ltr'>S.</span> <span class='ocrx_word' id='word_1_358' title='bbox 1706 4167 1749 4216; x_wconf 85' lang='lat' dir='ltr'>c)</span> <span class='ocrx_word' id='word_1_359' title='bbox 1793 4167 1824 4205; x_wconf 72' lang='grc' dir='ltr'>ι’.</span> <span class='ocrx_word' id='word_1_360' title='bbox 1854 4177 1890 4206; x_wconf 82' lang='lat' dir='ltr'>e.</span> <span class='ocrx_word' id='word_1_361' title='bbox 1929 4164 2090 4214; x_wconf 74' lang='lat' dir='ltr'>Georgi</span> <span class='ocrx_word' id='word_1_362' title='bbox 2123 4167 2199 4204; x_wconf 76' lang='lat' dir='ltr'>aut</span> <span class='ocrx_word' id='word_1_363' title='bbox 2234 4162 2433 4212; x_wconf 72' lang='lat' dir='ltr'>Geor3fl3</span> <span class='ocrx_word' id='word_1_364' title='bbox 2468 4163 2524 4212; x_wconf 78' lang='lat' dir='ltr'>cs.</span> <span class='ocrx_word' id='word_1_365' title='bbox 2563 4163 2599 4209; x_wconf 86' lang='lat'>1,</span> <span class='ocrx_word' id='word_1_366' title='bbox 2626 4163 2669 4202; x_wconf 75' lang='lat'>6.</span> 
     </span>
     <span class='ocr_line' id='line_1_47' title="bbox 409 4213 2674 4268; baseline -0.001 -14"><span class='ocrx_word' id='word_1_367' title='bbox 409 4215 454 4265; x_wconf 77' lang='lat' dir='ltr'>d)</span> <span class='ocrx_word' id='word_1_368' title='bbox 492 4216 782 4264; x_wconf 65' lang='lat' dir='ltr'>goddescalce</span> <span class='ocrx_word' id='word_1_369' title='bbox 800 4220 839 4258; x_wconf 85' lang='lat'>1.</span> <span class='ocrx_word' id='word_1_370' title='bbox 970 4217 1014 4267; x_wconf 86' lang='lat' dir='ltr'>e)</span> <span class='ocrx_word' id='word_1_371' title='bbox 1049 4219 1177 4268; x_wconf 71' lang='lat' dir='ltr'>priua</span> <span class='ocrx_word' id='word_1_372' title='bbox 1203 4229 1232 4256; x_wconf 85' lang='lat' dir='ltr'>n</span> <span class='ocrx_word' id='word_1_373' title='bbox 1259 4217 1366 4256; x_wconf 82' lang='lat' dir='ltr'>add.</span> <span class='ocrx_word' id='word_1_374' title='bbox 1388 4218 1439 4257; x_wconf 75' lang='lat' dir='ltr'>T.</span> <span class='ocrx_word' id='word_1_375' title='bbox 1550 4217 1588 4268; x_wconf 80' lang='lat' dir='ltr'>f)</span> <span class='ocrx_word' id='word_1_376' title='bbox 1622 4227 1781 4266; x_wconf 76' lang='lat' dir='ltr'>magno</span> <span class='ocrx_word' id='word_1_377' title='bbox 1807 4216 1861 4256; x_wconf 79' lang='grc' dir='ltr'>Δ.</span> <span class='ocrx_word' id='word_1_378' title='bbox 1978 4217 2025 4268; x_wconf 82' lang='lat' dir='ltr'>g)</span> <span class='ocrx_word' id='word_1_379' title='bbox 2062 4226 2165 4256; x_wconf 81' lang='lat' dir='ltr'>seru</span> <span class='ocrx_word' id='word_1_380' title='bbox 2190 4217 2229 4254; x_wconf 86' lang='lat'>1.</span> <span class='ocrx_word' id='word_1_381' title='bbox 2350 4213 2401 4266; x_wconf 89' lang='lat' dir='ltr'>h)</span> <span class='ocrx_word' id='word_1_382' title='bbox 2435 4215 2515 4264; x_wconf 82' lang='lat' dir='ltr'>Te,</span> <span class='ocrx_word' id='word_1_383' title='bbox 2541 4224 2567 4252; x_wconf 91' lang='grc' dir='ltr'><strong>ο</strong></span> <span class='ocrx_word' id='word_1_384' title='bbox 2593 4223 2674 4254; x_wconf 84' lang='lat' dir='ltr'>rex</span> 
     </span>
     <span class='ocr_line' id='line_1_48' title="bbox 407 4268 1428 4320; baseline 0.002 -14"><span class='ocrx_word' id='word_1_385' title='bbox 407 4268 598 4314; x_wconf 75' lang='lat' dir='ltr'>gloriose</span> <span class='ocrx_word' id='word_1_386' title='bbox 623 4269 664 4307; x_wconf 81' lang='lat'>2.</span> <span class='ocrx_word' id='word_1_387' title='bbox 768 4270 802 4320; x_wconf 82' lang='lat'>1)</span> <span class='ocrx_word' id='word_1_388' title='bbox 827 4271 1033 4310; x_wconf 82' lang='lat' dir='ltr'>recucitis</span> <span class='ocrx_word' id='word_1_389' title='bbox 1059 4272 1106 4318; x_wconf 66' lang='grc' dir='ltr'>ις</span> <span class='ocrx_word' id='word_1_390' title='bbox 1140 4269 1360 4310; x_wconf 67' lang='lat' dir='ltr'>recusatis</span> <span class='ocrx_word' id='word_1_391' title='bbox 1387 4271 1428 4308; x_wconf 81' lang='lat'>2.</span> 
     </span>
    </p>
   </div>
   <div class='ocr_carea' id='block_1_8' title="bbox 408 4366 2675 4509">
    <p class='ocr_par' dir='ltr' id='par_1_9' title="bbox 408 4366 2675 4509">
     <span class='ocr_line' id='line_1_49' title="bbox 408 4366 2675 4440; baseline -0.001 -17"><span class='ocrx_word' id='word_1_392' title='bbox 408 4368 463 4435; x_wconf 93' lang='lat'>1)</span> <span class='ocrx_word' id='word_1_393' title='bbox 499 4371 776 4439; x_wconf 74' lang='lat' dir='ltr'>Episcopo</span> <span class='ocrx_word' id='word_1_394' title='bbox 805 4373 1084 4440; x_wconf 73' lang='lat' dir='ltr'>Prayensi</span> <span class='ocrx_word' id='word_1_395' title='bbox 1104 4372 1430 4427; x_wconf 85' lang='lat'>997—1017.</span> <span class='ocrx_word' id='word_1_396' title='bbox 1570 4368 1624 4433; x_wconf 81' lang='lat'>2&gt;</span> <span class='ocrx_word' id='word_1_397' title='bbox 1663 4368 1773 4432; x_wconf 79' lang='lat' dir='ltr'>Qui</span> <span class='ocrx_word' id='word_1_398' title='bbox 1795 4369 1934 4426; x_wconf 75' lang='lat' dir='ltr'>sedit</span> <span class='ocrx_word' id='word_1_399' title='bbox 1958 4369 2285 4424; x_wconf 85' lang='lat'>994-1006.</span> <span class='ocrx_word' id='word_1_400' title='bbox 2424 4367 2478 4433; x_wconf 82' lang='lat'>3)</span> <span class='ocrx_word' id='word_1_401' title='bbox 2520 4366 2675 4432; x_wconf 80' lang='lat' dir='ltr'>Quod</span> 
     </span>
     <span class='ocr_line' id='line_1_50' title="bbox 409 4434 2204 4509; baseline 0.006 -18"><span class='ocrx_word' id='word_1_402' title='bbox 409 4434 638 4492; x_wconf 76' lang='lat' dir='ltr'>‘servum</span> <span class='ocrx_word' id='word_1_403' title='bbox 671 4440 802 4494; x_wconf 81' lang='lat' dir='ltr'>Dei’</span> <span class='ocrx_word' id='word_1_404' title='bbox 839 4441 1128 4509; x_wconf 70' lang='lat' dir='ltr'>siqnificat.</span> <span class='ocrx_word' id='word_1_405' title='bbox 2200 4477 2204 4480; x_wconf 93' lang='lat'>·</span> 
     </span>
    </p>
   </div>
   <div class='ocr_carea' id='block_1_9' title="bbox 3096 1824 3099 2349">
    <p class='ocr_par' dir='ltr' id='par_1_10' title="bbox 3096 1824 3099 2349">
     <span class='ocr_line' id='line_1_51' title="bbox 3096 1824 3099 2349; baseline 0 0"><span class='ocrx_word' id='word_1_406' title='bbox 3096 1824 3099 2349; x_wconf 95' lang='lat' dir='ltr'> </span> 
     </span>
    </p>
   </div>
   <div class='ocr_carea' id='block_1_10' title="bbox 3096 3153 3100 4606">
    <p class='ocr_par' dir='ltr' id='par_1_11' title="bbox 3096 3153 3100 4606">
     <span class='ocr_line' id='line_1_52' title="bbox 3096 3153 3100 4606; baseline 0 0"><span class='ocrx_word' id='word_1_407' title='bbox 3096 3153 3100 4606; x_wconf 95' lang='lat' dir='ltr'> </span> 
     </span>
    </p>
   </div>
   <div class='ocr_carea' id='block_1_11' title="bbox 3096 3153 3100 4789">
    <p class='ocr_par' dir='ltr' id='par_1_12' title="bbox 3096 3153 3100 4789">
     <span class='ocr_line' id='line_1_53' title="bbox 3096 3153 3100 4789; baseline 0 0"><span class='ocrx_word' id='word_1_408' title='bbox 3096 3153 3100 4789; x_wconf 95' lang='lat' dir='ltr'> </span> 
     </span>
    </p>
   </div>
  </div>
 </body>
</html>
