3100 5050
920 409 1327 468 THIETMARI
1361 407 1623 466 GHRDN.
1695 407 1833 464 LIB.
1868 406 2006 464 VIII
2042 409 2210 478 (VII).
2588 413 2692 469 205

436 588 567 650 qua
600 567 1007 650 oportunitas
1043 564 1170 629 sibi
1205 561 1568 639 accidisset,
1615 561 1806 627 huius
1843 561 2071 628 saltem
2117 563 2402 647 aliquam
2437 571 2687 648 partem
2728 577 2876 634 1015.

433 651 648 717 ledere
706 656 1111 735 temptaret·
1190 649 1465 731 Insuper
1530 647 1832 713 abbatem
1893 669 2108 728 suum,
2180 648 2348 715 Tuni
2411 650 2688 730 nomine,
2715 671 2856 722 (sept.
2877 669 2936 720 1).

435 737 737 802 simulata
781 757 938 821 pace
982 735 1066 800 ad
1111 755 1439 801 caesarem
1483 734 1680 812 misit,
1730 735 1842 818 qui
1884 735 2180 819 protinus
2226 736 2310 800 ab
2356 755 2430 801 eo
2476 738 2690 820 explo-

431 831 611 889 rator
652 844 792 888 esse
826 823 1237 906 cognoscitur
1278 826 1346 886 et
1380 819 1638 899 ibidem,
1685 839 2017 904 quousque
2053 821 2260 886 omnis
2304 841 2468 906 pene
2509 843 2690 888 exer-

432 911 599 974 citus
676 909 868 974 factis
932 909 1009 973 in·
1064 906 1433 990 precedenti
1507 911 1694 971 nocte
1767 905 2076 989 pontibus
2149 907 2447 991 paludem
2513 917 2689 974 tran-

432 994 769 1062 scenderet
808 994 1261 1080 preiacentem‚
1307 991 1648 1084 detinetur.

602 1083 706 1146 21.
776 1081 960 1144 Tunc
1010 1078 1146 1158 ille,
1201 1078 1551 1143 monachus
1605 1076 1862 1152 habitu,
1915 1078 2031 1144 sed
2081 1076 2312 1144 dolosa
2359 1080 2570 1162 vulpis
2623 1083 2691 1148 iu

430 1174 585 1232 actu.
618 1173 685 1231 et
710 1165 791 1232 ob
818 1165 943 1231 hoc
968 1171 1223 1230 amatus
1256 1185 1299 1228 a
1334 1163 1612 1240 dominc,
1657 1163 1884 1244 rediit;
1933 1170 1998 1229 et
2031 1164 2384 1250 imperator
2411 1163 2692 1231 Geroni⁸

429 1251 914 1336 archiepiscopo
990 1260 1058 1316 et
1118 1249 1397 1316 Geronib
1458 1249 1684 1314 inclito
1749 1249 2108 1316 marchioni
2177 1272 2256 1317 ac
2314 1250 2690 1318 Burchardo

430 1339 755 1422 [palatino]
810 1337 1031 1402 comiti
1084 1336 1375 1402 residuos
1427 1336 1836 1404 committens
1889 1335 2326 1419 progreditur.
2352 1343 2444 1414 et,
2499 1345 2576 1402 ut
2622 1359 2690 1402 se

430 1424 619 1490 solito
659 1425 915 1489 cautius
949 1423 1531 1507 circumspicerent,
1577 1427 1848 1486 ortatur.
1937 1422 2094 1488 Post
2125 1422 2246 1488 hoc
2282 1422 2368 1488 ab
2402 1423 2690 1489 hostibus

429 1530 627 1594 prope
682 1509 749 1572 in
809 1509 969 1574 silva
1029 1508 1380 1574 latentibus
1441 1527 1712 1591 magnus
1773 1507 2018 1572 clamor
2075 1509 2278 1574 ternis
2338 1509 2690 1593 mugitibus

434 1595 756 1660 attollitur
818 1601 885 1661 et
946 1615 1095 1660 mox
1158 1601 1448 1660 nostrum
1509 1603 1776 1675 agmen⁰
1848 1593 2206 1676 sagittariis
2269 1595 2690 1660 intermixtim

432 1680 838 1747 currentibus
865 1679 948 1746 ab
975 1681 1105 1746 hiis
1132 1680 1475 1764 appetitur.
1535 1677 1782 1756 Quibus
1806 1679 2015 1762 primo
2039 1678 2347 1746 conflictu
2380 1681 2691 1746 secundo-

434 1765 611 1854 [que]
668 1766 923 1832 fortiter
974 1768 1285 1831 resistunt
1342 1771 1409 1829 et
1460 1783 1541 1828 ex
1585 1764 1682 1828 eis
1723 1764 1962 1829 multos
2011 1765 2308 1847 palantes
2369 1767 2687 1835 occidunt.

430 1857 543 1919 Set
574 1851 971 1936 fugientibus
1008 1850 1392 1935 quibusdam
1428 1870 1509 1914 ex
1542 1849 1782 1913 nostris
1821 1849 2166 1915 confortati
2201 1851 2423 1918 hostes
2455 1853 2690 1937 glome-

428 1946 665 2004 rantur
712 1944 801 2002 et’
828 1944 1081 2002 nostros
1135 1937 1369 2001 iterum
1422 1935 1824 2000 incurrentes
1877 1935 2200 2019 dissipant
2249 1944 2316 2004 et
2358 1947 2690 2021 separatos

140 2045 165 2066 ²·
184 2041 400 2092 fot-1⁵0⁴·
428 2024 683 2108 sagittis
726 2022 1129 2088 fal*lentibus
1172 2021 1470 2104 perdunt.
1569 2019 1739 2086 Gero
1781 2028 2001 2087 autem
2049 2024 2573 2128 archiepiscopus
2626 2034 2692 2091 et

428 2109 843 2174 Burchardus
920 2127 1135 2173 comes
1204 2107 1576 2172 vulneratus
1645 2106 1755 2171 vix
1835 2108 2176 2175 evadentes
2255 2129 2461 2176 cesari
2529 2111 2689 2178 haec

427 2195 815 2260 referebant.
916 2192 1259 2258 Liudulfus
1302 2198 1519 2258 autem
1563 2193 1813 2258 iuvenis
1857 2214 2002 2260 cum
2053 2196 2280 2279 paucis
2324 2197 2580 2280 capitur
2623 2205 2690 2263 et

432 2283 600 2346 Gero
645 2301 720 2345 ac
766 2280 1139 2346 Folcmarus
1180 2280 1445 2344 comites
1488 2299 1636 2344 cum
1684 2279 1792 2344 OG
1834 2279 2146 2346 militibus
2189 2283 2448 2369 optimis
2495 2285 2690 2348 occisi

190 2386 286 2435 *a
306 2384 399 2426 843.
426 2367 694 2450 spoliati
736 2367 961 2432 *suntl
1017 2385 1286 2449 quorum
1332 2365 1598 2429 nomina
1643 2372 1709 2430 et
1757 2367 2010 2430 anim-as
2055 2367 2228 2432 Deus
2287 2369 2690 2453 omnipotens

428 2452 935 2519 misericorditer
977 2451 1283 2537 respiciat
1330 2458 1397 2515 et
1438 2471 1585 2531 nos,
1639 2471 1913 2535 quorum
1971 2452 2160 2537 culpa
2205 2452 2342 2518 hii‘l·
2380 2460 2534 2519 tunc
2577 2475 2690 2539 op-

425 2542 688 2626 petiere,
725 2540 849 2605 sibi
884 2560 1002 2624 per
1039 2538 1369 2605 Christum
1403 2538 1778 2603 reconciliet
1819 2544 1902 2617 et,
1939 2559 2022 2604 ne
2056 2539 2217 2622 quid
2247 2541 2380 2606 tale
2414 2541 2685 2607 ulterius

425 2628 777 2712 paciamur,
824 2625 1104 2691 clemens
1148 2622 1495 2690 custodiat.
2343 2642 2347 2649 ·

598 2714 704 2780 22.
746 2711 907 2796 (14.)
977 2711 1355 2793 Imperator,
1400 2715 1475 2773 nt
1517 2708 1643 2773 hoc
1685 2708 1877 2774 triste
1913 2711 2222 2775 nuncium
2265 2710 2541 2791 audivit,
2599 2712 2685 2777 ad

425 2798 711 2863 tollenda
761 2797 1246 2862 interfectorum
1301 2814 1576 2877 corpora
1629 2794 1870 2861 redire·
1896 2795 2120 2873 voluit3
2184 2802 2285 2861 set
2339 2798 2684 2863 multorum

425 2883 729 2947 tardatus
788 2882 1054 2947 consilio
1112 2880 1183 2947 id
1242 2882 1431 2965 quasi
1490 2881 1735 2945 invitus·⁴
1784 2880 2001 2946 omisit
2065 2887 2131 2947 et
2180 2881 2455 2948 Aeidum
2516 2885 2686 2948 anti-

430 2969 667 3045 stitem,
722 2969 834 3051 qui
878 2968 971 3032 eis
1011 2967 1280 3033 licentia
1324 2967 1594 3032 infausti
1637 2965 1822 3031 ducis
1867 2967 2261 3050 sepulturam
2305 2969 2685 3051 inpenderet

428 3060 494 3118 et
529 3052 805 3118 Geronis
838 3072 1071 3135 corpus
1106 3052 1496 3117 marchionis
1528 3052 1902 3134 inploraret,
1941 3054 2209 3119 remisit.
2280 3054 2684 3121 Venerabilis

430 3137 625 3227 [vero]
695 3145 883 3223 pater
953 3140 1199 3205 cesari0
1256 3138 1622 3203 voluntarie
1685 3140 2092 3205 consentiens
2169 3140 2421 3205 concito
2490 3162 2685 3207 cursu

427 3225 802 3305 revertitur-3
846 3231 913 3289 et
956 3231 1034 3291 ut
1070 3222 1507 3289 miserabilem
1544 3225 1802 3309 aspexit
1835 3231 2133 3308 stragem,
2177 3224 2474 3291 flebiliter
2506 3228 2678 3312 inge-

427 3311 595 3375 muit
637 3318 705 3375 et
746 3331 821 3375 su
868 3311 1125 3393 pliciter
1170 3307 1311 3397 [pru
1354 3306 1503 3397 hiis]
1548 3311 1777 3376 oravit.
1874 3310 2064 3376 Hunc
2106 3332 2254 3377 cum
2297 3313 2572 3379 victores
2620 3320 2686 3378 et

425 3404 582 3461 tunc
608 3397 673 3460 in
700 3417 812 3479 pre
860 3418 901 3461 a
928 3396 1137 3462 solum
1156 3402 1483 3461 morantes
1508 3397 1761 3461 eminus
1775 3395 2094 3475 viderunt,
2133 3397 2224 3462 de·
2244 3400 2684 3483 consequenti—

425 3481 547 3546 bus
600 3482 813 3547 timidi
870 3484 1080 3565 primo
1135 3481 1466 3566 fugerunt,
1532 3478 1892 3565 deindeque
1945 3484 2212 3567 propius
2271 3485 2682 3550 accedentem

428 3568 871 3633 salutaverunt
918 3575 986 3633 et
1037 3568 1177 3633 sine
1226 3569 1402 3633 oin-ni
1455 3566 1806 3633 offensione
1860 3589 2008 3633 eum·
2032 3589 2036 3593 ·
2059 3570 2240 3635 abire
2285 3573 2680 3655 permittunt.

425 3654 549 3718 Hic
592 3674 633 3719 a
676 3653 999 3719 Bolizlavo
1061 3653 1334 3719 multum
1380 3653 1462 3719 de
1501 3654 1792 3737 pernicie
1843 3652 2066 3719 nostra
2121 3657 2452 3739 gaudenti,
2507 3657 2684 3741 quod

422 3740 736 3823 postulat,
790 3740 1133 3823 inpetrans
1192 3740 1331 3804 sine
1392 3757 1574 3804 mora
1631 3739 1826 3805 rediit
1893 3747 1959 3805 et
2031 3760 2302 3827 corpora
2365 3742 2682 3808 sociorum

168 3838 399 3889 *fol-1⁵1·
425 3846 571 3891 cum
623 3827 891 3909 magnof
938 3824 1162 3891 labore
1223 3826 1503 3891 inimicis
1555 3824 1955 3891 faventibusg
2015 3828 2324 3911 sepelivit.
2429 3827 2682 3893 *Funus

426 3917 645 3977 autem
698 3910 975 3996 predicti
1030 3910 1422 3977 marchionis
1478 3917 1545 3977 et
1599 3911 1756 3977 socii
1808 3912 1946 3977 eius
2000 3912 2290 3980 Widredi
2341 3936 2546 3999 usque
2598 3914 2680 3979 ad

425 3996 641 4083 Mysni
689 3998 845 4062 fecit
896 3996 1136 4067 reduci.
1243 3996 1420 4063 Haec
1471 3996 1712 4063 ibidem
1763 3996 2184 4067 Hirimaunus
2236 4020 2451 4065 comes.
2501 3999 2681 4065 flebi-

424 4082 573 4147 liter
616 4083 973 4167 suscipiens
1008 4090 1074 4148 et
1109 4102 1311 4167 usque
1346 4083 1431 4148 ad
1464 4082 1708 4150 Novam
1743 4083 1969 4149 urbem
1984 4082 2030 4164 ²,
2075 4085 2187 4150 ubi
2223 4085 2392 4151 Gero
2428 4088 2675 4170 Agripi·

426 4217 471 4265 a.)
516 4220 657 4259 ieron!
684 4219 727 4271 0,
768 4232 877 4262 σου.
897 4223 946 4261 Τ.
1078 4220 1141 4267 b).
1167 4221 1305 4261 letoni
1331 4223 1369 4261 t.
1511 4220 1552 4271 c)
1595 4230 1752 4261 acmen
1777 4222 1822 4271 0,
1861 4232 1969 4261 corr.
1993 4223 2042 4263 Τ.
2172 4222 2219 4273 d)
2263 4225 2436 4265 atter-nnn
2461 4224 2478 4262 1
2504 4223 2606 4263 add.
2629 4226 2680 4263 T.

428 4268 471 4320 e)
497 4279 647 4310 cesare
676 4271 719 4311 δ’.
824 4272 861 4324 f)
889 4280 1049 4321 magna
1076 4273 1121 4313 0.
1225 4272 1272 4321 3)
1300 4283 1348 4313 se
1373 4273 1463 4313 sav.
1494 4272 1538 4313 Ο.

428 4370 481 4436 1)
528 4372 741 4428 Nea-ol.
780 4376 1118 4443 Meu-sebum.
1156 4376 1313 4445 Sept:
1332 4380 1390 4431 1:
1446 4374 1586 4431 Gero
1630 4379 1687 4430 et
1721 4375 2052 4432 Wolcmarus
2097 4375 2318 4443 comites
2361 4394 2480 4433 cum
2526 4379 2682 4433 sociis

427 4440 625 4494 suimet
658 4445 761 4497 200
794 4444 1023 4511 peremti
1057 4447 1198 4499 sunt.
1302 4443 1359 4509 2)
1397 4446 1672 4501 Mitnchen
1685 4475 1705 4486 -
1721 4446 2023 4514 Nienburq.
