3100 5050
450 404 553 457 250
947 398 1353 454 THIETMARI
1390 398 1650 456 CHRON.
1723 401 1863 455 LIB.
1898 403 1980 456 IX
2017 401 2214 469 (VIII).

262 567 419 623 1018.·
450 552 827 618 *Bertoldus
896 559 1113 618 autem
1194 552 1473 617 Munnae
1540 553 1816 620 civitatis
1881 555 2144 620 invasor
2164 555 2185 598 ¹
2257 556 2721 638 imperatoriae
2757 576 2783 598 ¹·
2813 578 2911 617 ead.
2931 589 3021 616 mm.

142 1247 247 1286 Mai.
282 1250 421 1290 18-14.

141 1503 247 1544 Max.
259 1505 309 1544 15
319 1503 418 1556 (16).

228 1590 332 1632 Mat.
354 1591 421 1632 25.

450 639 755 720 potestati
799 645 1023 722 sponte
1068 658 1187 702 sua
1233 657 1379 701 cum
1424 639 1562 702 suis
1605 638 1970 705 fautoribus
2013 639 2318 718 traditur,
2373 650 2439 706 et
2487 642 2718 706 eadem

451 723 800 788 multorum
852 742 1059 804 poena
1111 723 1407 806 protinus
1462 730 1934 804 concrematum
1999 733 2062 790 et
2117 725 2319 790 faciat
2376 726 2546 791 Deus
2597 749 2716 792 rex

450 805 783 892 pacificus,
840 815 913 872 ut
954 827 1305 890 numquam
1359 807 1520 872 haec
1565 809 1842 892 amplius
1891 810 2192 878 elevetur.
2301 811 2506 889 Quam
2553 811 2716 877 bene

450 900 639 972 esset,
693 900 767 958 ut
809 892 1209 958 habitatores
1251 893 1431 975 regni
1476 892 1671 970 illius,
1726 915 1978 978 semper
2021 896 2362 960 unanimes
2405 897 2468 960 in
2519 897 2716 975 malo,

451 978 537 1043 ad
588 978 1014 1062 expletionem
1066 978 1207 1042 eius
1258 998 1387 1042 non
1438 976 1751 1044 haberent
1811 981 2277 1046 munimentum
2339 981 2404 1045 in
2466 981 2712 1064 aliquo!

451 1063 511 1128 N
514 1083 637 1128 unc
681 1069 899 1129 autem
944 1067 1119 1143 sunt,
1173 1083 1289 1146 pro
1341 1061 1549 1128 dolor!
1614 1063 1846 1129 horum
1899 1067 2061 1131 situs
2113 1066 2426 1145 locorum,
2481 1073 2554 1133 ut
2605 1086 2716 1132 ex-

450 1154 727 1230 poscunt
770 1155 1017 1214 mentes
1062 1147 1529 1232 indigenarum.

626 1237 725 1301 18.
800 1234 1171 1318 *Inperator
1212 1254 1359 1298 vero
1402 1240 1554 1316 post
1594 1235 1848 1318 longam
1891 1234 2436 1301 inhabitacionem
2479 1257 2520 1300 a
2555 1235 2717 1300 Niu-
2751 1255 2778 1278 ⁸¹

452 1340 689 1402 magun
732 1319 1084 1397 discedenS,
1140 1319 1527 1401 sollempnes
1570 1323 1983 1403 rogacionum
2027 1321 2168 1386 dies
2209 1323 2278 1385 in
2309 1322 2715 1406 ‘Aquisgrani

449 1403 737 1470 studiose
770 1405 1081 1482 celebrat3
1129 1404 1363 1488 quibus
1415 1406 1768 1470 transactis
1817 1406 2179 1471 Lanbertus
2237 1415 2500 1472 sanctae
2550 1407 2716 1472 Con-

451 1491 897 1556 *stanciensis⁸
966 1490 1279 1556 aeclesiae
1348 1490 1686 1573 episcopus
1773 1491 1978 1557 XVII.
2035 1492 2178 1556 Kal.
2242 1491 2411 1556 Iunii
2489 1492 2654 1558 obiit
2667 1492 2714 1560 2.

452 1576 590 1640 Hoc
634 1597 843 1655 cesar,
900 1596 1045 1640 cum
1090 1581 1505 1660 pentecosten
1546 1576 1617 1640 in
1662 1576 2094 1658 Ingilenhetnb
2139 1597 2479 1660 sumopere
2533 1599 2716 1660 pere-

450 1663 674 1745 gisset,
746 1663 1169 1743 comperienS,
1233 1659 1633 1726 Rotherdum
1697 1662 1932 1726 suimet
1992 1663 2394 1746 capellanum
2464 1664 2716 1748 prefate

451 1749 589 1813 sedi
629 1745 963 1829 prefecit-¹³.
1055 1745 1301 1826 Quibus
1346 1746 1618 1828 expletis
1669 1744 1744 1810 fit
1786 1767 2020 1829 magna
2059 1749 2128 1812 in
2171 1748 2505 1832 Birgilun4
2539 1749 2717 1831 prin-

2811 631 2873 668 αι.
2905 632 3010 677 temp.

2745 1494 2772 1518 *
2792 1496 2884 1544 soz.
2908 1498 2984 1546 186,
3078 1477 3079 1518 ¹

2803 1559 2919 1588 man.
2939 1551 2985 1588 D.

451 1835 663 1930 cipum
709 1829 1116 1908 confluentia,
1163 1839 1235 1897 ut
1277 1831 1369 1896 ibi
1412 1830 1870 1912 corri*geretur
1912 1853 2027 1914 per
2068 1831 2330 1911 iudicia,
2383 1834 2556 1918 quod
2600 1834 2717 1898 diu
2749 1854 2774 1875 *
2845 1884 2854 1894 .
2951 1884 2962 1896 .

450 1919 753 1982 viciatum
800 1926 899 1982 est
943 1917 1167 2000 populi
1220 1917 1408 1981 istius
1461 1917 1891 2000 neglegentia,
1947 1924 2014 1982 et
2073 1919 2404 1984 temeritas
2457 1939 2714 2001 magna.

452 2003 605 2066 Post
652 2003 815 2067 haec
869 2001 1053 2067 Oddo
1108 2021 1320 2066 comes
1374 2000 1700 2084 predictus
1761 2004 1828 2066 in
1879 2005 2272 2084 presentiam
2323 2005 2716 2086 inperatoris

452 2093 516 2151 et
549 2087 944 2153 Ercanbaldi
981 2086 1436 2171 archipresulis
1472 2088 1747 2170 supplex
1791 2088 2052 2152 veniens
2096 2089 2403 2153 iniustam
2447 2111 2716 2156 uxerem

452 2193 635 2237 suam
688 2173 897 2238 tribus
952 2173 1371 2238 sacramentis
1432 2173 1672 2240 amisit.
1776 2172 2152 2238 Baldericus
2219 2176 2717 2241 reconciliatur⁵

450 2266 516 2322 et
551 2258 893 2341 promissio
930 2259 1149 2323 divina
1184 2256 1606 2323 obliviscitur.
1695 2258 1782 2321 Et
1818 2261 2165 2324 transactis
2211 2259 2440 2325 diebus
2488 2263 2716 2343 paucis

454 2343 820 2421 HeinricuS,
876 2345 989 2428 qui
1032 2363 1318 2407 marcam
1370 2343 1540 2408 inter
1586 2343 1901 2428 Ungarios
1955 2352 2022 2409 et
2064 2344 2394 2411 Bawarios
2441 2347 2717 2429 positam

258 2454 333 2482 un·
408 2473 419 2484 ·
450 2431 677 2508 tenuit,
717 2428 897 2494 VIII.
928 2429 1069 2493 Kal.
1104 2424 1341 2529 [1.¹¹ffi]⁰
1376 2427 1564 2493 fortis
1599 2435 1886 2493 armatus
1915 2429 2148 2499 obiitss.
2237 2431 2492 2497 interea
2531 2453 2716 2497 cesar

449 2513 537 2579 ad
580 2514 997 2580 Basulensem
1030 2536 1289 2579 vemens
1334 2514 1660 2580 civitatem
1697 2516 1982 2581 exercitu
2018 2517 2288 2583 collecto
2323 2518 2391 2582 in
2423 2518 2716 2601 Burgun-

450 2599 627 2664 diam
670 2606 993 2683 properat.
1083 2600 1469 2684 Imperatrix
1513 2608 1730 2666 autem
1774 2600 1899 2665 ad‘¹
1941 2601 2248 2668 dilectam
2295 2602 2419 2669 sibi
2458 2605 2719 2686 Capun-

449 2706 595 2767 gam
639 2686 899 2749 veniens
952 2686 1398 2751 monachicam
1455 2685 1549 2752 ibi
1593 2687 1788 2751 vitam
1837 2687 2226 2768 ordinavit73
2283 2687 2558 2773 indeque
2599 2711 2718 2774 per

450 2771 827 2835 orientalem
881 2770 1219 2856 Franciam
1275 2772 1571 2855 profecta
1631 2772 1994 2836 Bawariam
2052 2776 2249 2859 peciit
2320 2775 2717 2858 fratremque

451 2876 638 2919 suum
710 2856 935 2921 ducem
1007 2856 1381 2921 Heinricum
1451 2855 1844 2921 Ratisbonae
1913 2859 2388 2928 inthronizavit.
2492 2860 2716 2925 Mense

449 2941 631 3007 Iunio
660 2941 1093 3024 inaequalitas
1123 2944 1289 3006 aeris
1319 2942 1684 3007 hominibus
1712 2942 1930 3008 multis
1951 2964 2296 3030 eorumque
2316 2946 2714 3011 utilitatibus

448 3026 717 3091 diversis
760 3027 1111 3092 admodum
1155 3028 1395 3094 nocuit.

628 3116 724 3179 19.
770 3112 932 3197 (10.)
993 3112 1239 3201 Eadem
1284 3118 1664 3195 tempestate
1711 3113 1988 3178 aeclesia
2035 3114 2193 3179 mihi
2237 3111 2506 3197 indigno
2545 3136 2715 3179 com-

450 3196 685 3261 missa0
720 3198 998 3262 multum
1034 3218 1179 3263 mea
1226 3197 1295 3261 id
1341 3198 1666 3278 exigentef
1698 3198 1888 3282 culpa
1933 3200 2240 3265 sustinuit
2269 3201 2711 3285 *dampnuma

448 3280 744 3365 Namque
786 3284 1152 3347 misericors
1198 3288 1263 3347 et
1304 3283 1570 3364 paciens
1615 3284 1790 3347 Deus
1843 3282 2054 3348 noluit
2103 3285 2378 3369 amplius
2433 3286 2713 3349 inultum

450 3367 756 3450 relinqui,
822 3368 992 3449 quod
1056 3367 1282 3432 crebra
1342 3368 1447 3431 sui
1507 3369 1948 3450 castigacione
2019 3372 2304 3453 nequivit
2365 3370 2712 3454 prohiberi,

449 3454 821 3533 percuciens
866 3474 1011 3517 eam
1055 3453 1124 3516 in
1168 3452 1660 3517 mansuetudine
1705 3460 1771 3518 et
1816 3473 1942 3518 non
1986 3456 2053 3519 in
2098 3456 2333 3521 furoris
2379 3457 2480 3520 sui
2515 3456 2715 3538 digna

449 3537 897 3617 retributione3
966 3538 1296 3603 ministros
1348 3538 1541 3603 utiles
1596 3538 1722 3603 sibi
1775 3537 1937 3603 haec
1987 3540 2273 3622 perdidit
2332 3549 2396 3607 et
2457 3542 2712 3605 facinus

343 3645 415 3675 ¹¹1¹·
450 3644 660 3687 meum
706 3624 939 3689 cotidie
983 3623 1361 3706 ingemiscit.
1451 3623 1529 3687 In
1573 3623 1865 3706 predicto
1903 3626 2138 3690 etenim
2178 3646 2398 3691 mense
2433 3626 2712 3692 dedecus

449 3729 749 3791 magnum
795 3710 1001 3775 eidem
1050 3708 1150 3796 [ac
1194 3708 1375 3795 mihi]
1415 3708 1687 3774 inlatum
1725 3716 1823 3774 est
1859 3710 1942 3775 ab
1979 3711 2195 3776 ibrida
2232 3711 2709 3791 Aethelbert0h‚

448 3796 558 3878 qui
588 3801 840 3944 curten}
860 3816 1068 3859 meam
1096 3793 1398 3860 invadere
1425 3815 1698 3878 eamque
1735 3794 2034 3879 frangere
2061 3797 2306 3862 servilii
2333 3798 2712 3863 collectione

447 3901 809 3963 presumpsi
844 3932 857 3945 .

444 3999 489 4047 a)
516 4010 590 4039 cos
618 4012 726 4039 corr.
756 3999 804 4039 05
835 4001 883 4039 Τ.
998 3998 1045 4050 b)
1066 4002 1195 4049 prim
1223 4010 1251 4038 n
1278 4000 1380 4039 add.
1404 4001 1455 4040 T.
1573 3998 1616 4051 c)
1642 3997 1755 4039 dcccl
1781 4003 1820 4040 1.
1927 4000 1954 4039 d
2000 4012 2027 4039 a
2051 4003 2108 4051 D,
2135 4001 2162 4041 d
2190 4002 2293 4042 add.
2318 4003 2367 4042 T.
2473 4000 2516 4051 e)
2547 4003 2594 4041 in
2620 4002 2710 4041 loeo

445 4062 543 4090 raso
566 4062 649 4090 scr.
671 4052 721 4090 Τ.
800 4051 837 4101 ἰ)
864 4054 1049 4099 exgente
1075 4054 1114 4091 1.
1194 4052 1239 4100 g)
1267 4051 1455 4102 dapnum
1484 4055 1524 4091 1.
1595 4050 1647 4101 h)
1676 4052 1767 4091 ath.
1797 4052 1930 4091 roden
1963 4064 1988 4091 ο
2013 4054 2117 4101 alqc.
2147 4064 2254 4094 corr.
2282 4056 2321 4093 1.
2393 4052 2429 4105 1)
2455 4054 2619 4093 seruile
2645 4054 2706 4092 D.

446 4137 501 4203 1)
540 4135 694 4204 Cons.
746 4137 899 4191 VIII
907 4177 921 4202 ‚
967 4138 1063 4204 53,
1108 4136 1340 4193 ‘Jahrbl
1394 4140 1519 4204 III,
1576 4138 1661 4192 69.
1801 4138 1854 4202 2)
1904 4140 2121 4193 Nem-ol.
2166 4140 2402 4194 Merseb.
2443 4139 2574 4193 Mai
2605 4141 2702 4192 16.-

445 4204 745 4259 Lanbertus
774 4206 1047 4272 episcopus
1075 4205 1227 4261 obiit.
1297 4206 1350 4272 3)
1381 4206 1485 4259 Cui
1500 4204 1753 4272 praefuit
1777 4206 1866 4259 ille
1892 4224 1945 4261 a.
1975 4208 2331 4263 1018—1022.
2401 4208 2456 4271 4)
2484 4208 2708 4274 Buff-rael,

445 4275 505 4327 in
539 4275 665 4341 ripa
694 4274 887 4328 Moe-ni
920 4275 1079 4328 laeva
1112 4276 1253 4329 inter
1279 4274 1579 4341 Offenbach
1611 4281 1663 4329 et
1690 4274 1922 4327 Hanau.
1992 4278 2060 4329 L.
2197 4276 2250 4340 5)
2289 4278 2378 4330 De
2407 4276 2563 4330 cuius
2596 4274 2706 4339 fine

445 4340 518 4409 cf.
544 4340 785 4397 ‘Jaher
818 4343 939 4407 III,
968 4344 1205 4397 69—71.
1309 4344 1363 4405 6)
1404 4342 1621 4397 Necrol.
1653 4343 1888 4396 Merseb.
1995 4344 2049 4407 7)
2079 4345 2167 4398 De
2202 4344 2528 4409 fundatione
2553 4342 2706 4396 illias

446 4411 703 4465 abbatiae
737 4409 808 4477 cf.
846 4410 1083 4466 ‘Jahrw
1120 4411 1252 4478 III,
1289 4411 1525 4467 73—78.

2743 3216 2769 3241 '⁸‘
2793 3221 2885 3268 sol.
2908 3220 2991 3261 186⁴
