3100 5050
443 376 544 431 122
1065 376 1472 433 ΤΗΙΕΤΜΑΒΙ
1506 376 1771 433 ΟΗΒΟΝ.
1841 378 1979 434 LIB.
2016 379 2081 435 V.

255 538 407 593 1002.
442 530 724 599 Audiens
789 534 1004 595 autem
1070 529 1448 596 Teutonicos
1513 531 1582 596 in
1643 530 1932 597 Tridenti
1998 530 2264 615 planitie
2330 531 2695 599 consedisse

440 621 552 686 illo
596 620 904 700 properat
945 623 1012 681 et
1056 635 1168 681 eos
1221 637 1353 681 non
1395 618 1723 682 inveniens
1779 618 2011 683 iterum
2058 618 2240 683 velox
2286 638 2354 683 se
2408 618 2475 683 in
2518 638 2694 683 cam-

438 704 701 792 paniam
747 700 1182 766 Veronensem
1199 702 1222 746 ¹
1267 703 1527 787 recepit.

215 800 328 843 Dee·
347 801 413 843 2⁵-
613 788 714 853 26.
791 787 929 865 Quo
972 787 1329 853 dominicae
1373 788 1736 853 nativitatis
1780 786 1949 854 festa
1990 790 2061 853 in
2103 788 2381 873 quodam
2420 789 2695 855 castello

439 874 841 943 celebrante·
885 872 1037 939 Otto
1089 872 1246 952 dux,
1313 874 1528 939 omnia
1582 874 1719 938 eius
1770 879 1920 940 acta
1972 880 2044 939 ut
2094 876 2304 959 primo
2357 874 2691 950 intellexit,

437 962 686 1045 legatos
730 958 855 1024 sibi
897 959 1227 1024 licentiam
1269 959 1646 1025 transeundi
1691 965 1807 1024 aut
1846 980 1926 1025 ex
1960 980 2079 1025 sua
2111 967 2301 1044 parte
2336 960 2695 1047 accipiendi

439 1045 840 1133 postulantes
885 1044 1077 1112 misit.
1171 1044 1313 1109 Hiis
1356 1046 1577 1129 petitis
1619 1066 1699 1110 ex
1742 1044 2066 1127 profunda
2105 1045 2460 1112 calliditate
2494 1046 2695 1112 animi

438 1131 822 1214 Hardwigus
866 1130 1223 1215 respondit:
1277 1130 1421 1196 ‘Hic
1462 1136 1853 1216 pernoctate,
1898 1138 1974 1196 ut
2017 1152 2163 1196 cum
2206 1152 2491 1197 meorum
2536 1133 2693 1197 ami-

438 1239 656 1285 corum
695 1216 962 1281 consilio
996 1236 1106 1281 vos
1143 1217 1430 1286 crastino
1467 1217 1548 1281 de
1584 1215 1711 1281 hiis
1746 1216 2044 1282 omnibus
2080 1223 2287 1283 certos
2323 1218 2693 1286 remittam)

439 1306 554 1371 Ille
599 1308 815 1368 autem
861 1302 1152 1367 nunciisb
1196 1304 1436 1367 nostris
1490 1302 1556 1367 id
1600 1302 2045 1387 ignorantibus
2098 1323 2213 1385 per
2254 1323 2505 1369 omnem
2550 1324 2695 1369 eam

438 1397 688 1457 noctem
745 1387 1160 1470 singulariter
1223 1408 1373 1454 suos
1443 1390 1510 1453 in
1582 1389 1814 1453 castris
1882 1390 2127 1470 positos
2196 1389 2695 1475 circumquaque

438 1476 845 1559 perlustrans
895 1472 979 1539 ad
1016 1473 1419 1558 preliandum
1455 1494 1645 1540 mane
1694 1483 1918 1539 contra
1951 1474 2335 1540 Teutonicos
2378 1481 2694 1541 mentem⁶

439 1560 862 1627 corroborare
925 1567 991 1624 et
1051 1580 1231 1625 arma
1291 1580 1643 1645 preparare
1704 1566 1937 1626 monet.
2054 1560 2357 1626 Proxima
2415 1561 2694 1644 primum

438 1649 684 1714 oriente
739 1665 978 1710 aurora
1031 1645 1229 1726 legati
1279 1646 1462 1711 ducis
1505 1646 1800 1730 responsi
1855 1645 2067 1729 gratia
2123 1647 2378 1727 regem<1
2430 1668 2693 1731 aggres-

438 1732 600 1811 suri,
679 1751 824 1796 cum
894 1729 1354 1815 Longobardos
1433 1732 1702 1796 militari
1771 1752 1965 1797 manu
2036 1752 2289 1816 pugnae
2357 1732 2691 1799 intendere

437 1824 734 1884 eventum
761 1825 1116 1896 cernerent,
1154 1818 1382 1902 ipsum,
1421 1818 1577 1901 quid
1606 1816 1727 1883 hoc
1754 1817 2165 1901 significaret,
2195 1824 2692 1900 percunctantes

438 1911 678 1970 certam
729 1902 1036 1969 adversus
1088 1903 1318 1968 ducem
1369 1904 1883 1987 congressionem
1938 1904 2103 1969 iussi
2152 1903 2332 1970 abire
2393 1924 2693 1989 percepe-

436 1997 604 2056 runt.
697 1988 870 2065 Quos
915 1987 1297 2073 Hardwigus
1343 2010 1488 2054 cum
1535 1990 1818 2054 exercitu
1864 2002 2068 2073 pone0
2114 1996 2371 2055 secutus
2430 1990 2511 2054 ad
2558 1989 2689 2055 Un-

437 2075 756 2160 garicumf
813 2073 1166 2155 montem2,
1230 2074 1344 2140 ubi
1407 2074 1539 2139 dux
1601 2095 1746 2139 cum
1802 2077 1935 2140 suis
1990 2075 2235 2159 legatos
2290 2075 2690 2161 expectabat,

437 2162 569 2228 sole
613 2162 741 2226 iam
795 2159 1120 2225 mediante
1172 2162 1463 2245 pervenit
1505 2162 1878 2245 hostesque,
1936 2162 2223 2245 quamvis
2274 2181 2393 2244 per
2434 2162 2689 2227 fodrum

437 2255 500 2313 et
543 2247 625 2312 ad
673 2246 1127 2312 custodiendas
1173 2246 1456 2330 undique
1502 2248 1638 2311 vias
1682 2246 1940 2325 divisos,
1996 2255 2215 2313 tamen
2259 2248 2344 2312 ad
2388 2249 2689 2314 resisten-

436 2335 590 2400 dum
633 2339 897 2417 paratos
943 2334 1202 2398 invenit.
1293 2330 1664 2416 Confligunt
1705 2334 1929 2416 itaque
1972 2334 2295 2418 utrimque
2338 2333 2534 2399 fortia
2582 2354 2691 2418 ag-

436 2421 611 2485 mina
649 2420 890 2503 impetu
929 2418 1286 2484 vehementi
1321 2425 1404 2501 et,
1443 2419 1571 2483 nisi
1606 2418 2139 2483 'I'eutonicorumss
2174 2421 2377 2485 aciem
2412 2420 2690 2486 hostium

436 2505 884 2571 numerositati
928 2506 1236 2590 imparem
1290 2504 1445 2589 fuga
1489 2502 1773 2585 ottonis,
1827 2502 2113 2590 germani
2166 2504 2441 2591 presulis
2488 2506 2693 2573 Gebe-

435 2590 681 2669 hardi3,
733 2590 1031 2656 turbaret
1083 2597 1151 2657 et
1203 2592 1563 2673 impediret,
1618 2592 1945 2656 victricem
2000 2613 2141 2656 eam
2205 2594 2400 2658 hostis
2445 2591 2693 2678 Lango-

433 2677 672 2743 bardus
718 2678 1041 2745 sensisset.
1129 2677 1330 2741 Tumh
1375 2699 1522 2742 vero
1568 2699 1645 2742 ex
1691 2699 1924 2760 magna
1966 2689 2153 2762 parte
2196 2679 2514 2759 mutilata,
2573 2699 2691 2764 pro

435 2764 664 2847 pudor!
734 2762 983 2828 ceditur
1045 2771 1110 2828 et
1161 2764 1463 2828 victoriae
1526 2764 1773 2829 honore
1825 2765 2146 2849 privatur,
2202 2765 2315 2829 sed
2369 2785 2495 2829 non
2552 2765 2691 2830 sine

437 2852 720 2915 maximo
766 2848 1098 2933 Hardwigi
1141 2849 1550 2915 detrimento.

605 2937 705 3000 27.
755 2936 914 3022 (17.)
985 2936 1242 3000 Interea
1286 2956 1434 3018 rege
1478 2956 1518 2999 a
1556 2935 1849 3000 Bawaria
1892 2955 2150 3018 egresso
2196 2942 2260 3000 et
2302 2936 2370 2999 in
2416 2936 2691 3001 Franca-

209 3021 718 3087 Deo-25-naford11
800 3023 1308 3086 incarnationem
1392 3021 1780 3086 dominicam
1860 3020 2250 3100 celebrante,
2344 3022 2691 3086 multorum

435 3109 788 3190 legationes
847 3108 904 3170 ei
963 3107 1366 3180 deferuntur:
1432 3107 1543 3190 qui
1605 3107 1801 3190 legati
1865 3109 2070 3191 primo
2132 3107 2401 3191 benigne
2462 3108 2688 3187 auditi,

433 3192 661 3258 dehinc
720 3194 985 3275 largiter
1042 3194 1363 3258 munerati
1417 3213 1635 3258 omnes
1687 3200 2101 3258 revertuntur
2154 3193 2284 3257 leti.
2384 3192 2479 3257 Ibi
2534 3214 2689 3277 quo-

434 3301 556 3363 que
615 3278 746 3343 dux
803 3279 1275 3343 Herimannuslt
1339 3279 1665 3344 humiliter
1718 3280 1855 3362 regi
1910 3279 2267 3343 famulatur
2332 3286 2398 3345 et
2463 3279 2547 3343 ab
2615 3300 2689 3345 eo

435 3365 794 3444 caritative,
867 3374 937 3429 ut
994 3365 1188 3429 talem
1248 3365 1462 3428 decuit
1518 3385 1883 3448 personam,
1951 3365 2245 3431 habetur.
2358 3365 2516 3429 Inde
2578 3387 2690 3430 rex

248 3456 398 3510 1003.
433 3451 768 3516 discedens
825 3449 1300 3516 Muselenorum
1371 3471 1610 3532 pagum
1671 3451 1953 3516 visitavit
2021 3457 2084 3515 et
2153 3450 2235 3514 ad
2298 3450 2691 3516 Theodonis-

273 3545 409 3602 (Im)
435 3536 692 3601 villam‘¹
738 3538 993 3601 veniens
1041 3537 1335 3621 generale
1391 3536 1629 3601 ibidem
1675 3537 2060 3620 colloquium
2106 3558 2249 3601 cum
2294 3537 2689 3621 comprovin-

435 3621 708 3688 cialibus
744 3622 986 3688 habuit.
1059 3623 1230 3705 Rege
1261 3643 1408 3688 vero
1446 3622 1685 3686 ibidem
1725 3621 2019 3688 omnibus
2055 3621 2274 3706 aliqua
2301 3624 2689 3688 necessitate

432 3709 877 3775 laborantibus
935 3708 1206 3792 benigne
1262 3709 1465 3792 legem
1521 3709 1681 3774 dare
1739 3708 2061 3792 cupiente,
2122 3708 2555 3773 Herimannus
2612 3729 2690 3773 ac

434 3861 479 3912 a)
514 3865 758 3904 celebranti
783 3865 826 3903 2.
964 3862 1011 3914 b)
1048 3865 1237 3904 nuncius
1265 3865 1306 3903 2.
1445 3868 1488 3909 c)
1521 3865 1585 3903 ita
1610 3866 1763 3904 lacuna
1792 3865 1838 3903 in
1868 3865 1958 3904 eod.
1978 3865 2021 3904 2.
2049 3866 2242 3915 suppleta
2267 3875 2318 3904 em
2343 3863 2397 3902 A.
2417 3864 2461 3903 S.
2489 3874 2531 3903 a·
2563 3864 2689 3904 1003.

435 3915 462 3955 d
515 3919 750 3964 tyrannum
777 3917 828 3956 A.
848 3916 896 3955 S.
1019 3916 1060 3963 e)
1097 3917 1156 3954 ita
1183 3916 1234 3956 Α.
1255 3915 1323 3965 S.;
1350 3924 1462 3964 pene
1489 3917 1530 3955 2.
1655 3915 1689 3964 f)
1716 3913 1960 3962 Unguium
1986 3916 2037 3958 A.
2055 3917 2101 3956 S.
2226 3927 2271 3964 g,
2296 3916 2619 3955 thetunicorum
2644 3915 2685 3955 2.

433 3917 482 4020 h3
510 3967 620 4008 Cum
640 3969 682 4009 2.
768 3968 803 4019 i)
831 3966 1166 4007 franckenforde
1186 3969 1231 4015 2;
1260 3965 1621 4007 Franconevorde
1639 3967 1690 4006 A.
1712 3967 1758 4006 S.
1778 3978 1817 4005 a.
1840 3970 1961 4008 1003.
2051 3967 2099 4019 k)
2123 3967 2419 4008 heremannus
2436 3969 2478 4008 2.
2503 3969 2686 4016 saepius.

435 4072 488 4136 1)
525 4073 760 4126 Insolita
796 4072 1008 4126 locutio.
1079 4071 1311 4138 Campos
1342 4071 1675 4126 Veronenses
1708 4071 1852 4125 hanc
1885 4071 2156 4138 reqionem
2193 4072 2489 4139 appellavit
2514 4071 2687 4126 Liad-

428 4141 684 4208 prandus
710 4140 834 4205 (SS.
864 4141 991 4203 III)
1017 4141 1102 4204 ΙΙ,
1133 4143 1228 4204 11,-
1269 4139 1610 4194 Thietmarus
1636 4142 1754 4207 ipse
1792 4141 1892 4204 VI,
1918 4143 1953 4194 4
1988 4156 2106 4193 eam·
2134 4141 2376 4206 appellat
2398 4141 2687 4208 planiciem

440 4211 813 4264 Veronensem.
883 4212 950 4262 L.
1119 4209 1173 4271 2)
1224 4211 1296 4261 In
1338 4211 1478 4262 valle
1524 4211 1764 4264 Brentae
1807 4208 2051 4274 fluminis
2092 4210 2233 4263 inter
2277 4209 2594 4263 Tridentum
2639 4214 2691 4263 et

434 4279 782 4342 Bassanum;
826 4282 896 4343 cf.
924 4276 1161 4332 ‘Jahrbss
1191 4279 1243 4343 I,
1272 4279 1390 4331 241.
1473 4278 1526 4343 3)
1567 4277 1980 4333 Rati-sbonensis
2008 4276 2374 4342 (994—1023).
2464 4278 2520 4343 4)
2556 4278 2687 4332 Die·

435 4347 718 4413 denhofen.
797 4346 920 4400 Rex
956 4346 1036 4400 ibi
1057 4346 1180 4410 fuit
1212 4348 1334 4400 Ian.
1367 4349 1432 4400 15
1476 4352 1607 4402 teste
1642 4347 1834 4401 charta
1870 4343 2127 4412 (Stumpf
2156 4347 2286 4400 1341
2315 4352 2367 4400 et
2392 4347 2565 4401 1342).
2619 4347 2686 4400 L.

435 4415 587 4478 Conf.
625 4413 860 4468 ‘Jahrb.’
897 4416 949 4481 I,
985 4415 1276 4470 243-248.
