3100 5050
477 390 577 447 126
1105 388 1512 447 ΤΗῙΕΤΜΑΒΙ
1547 387 1808 445 ΟΗΒΟΝ.
1879 391 2015 453 LIB.
2050 391 2114 446 V.

287 556 438 612 1003.
473 541 740 607 crimine
799 542 973 609 solus
1033 541 1372 626 culpabilis
1433 550 1799 627 appareret,
1869 549 2085 607 tamen
2146 541 2390 626 absque
2459 544 2727 609 consilio

471 627 746 693 aliorum
798 626 923 692 hoc
972 629 1272 713 primitus
1327 650 1452 694 non
1505 629 1897 712 aggreditur.
2000 629 2087 695 Et
2138 629 2291 710 quia
2331 648 2451 712 pro
2497 650 2729 712 magno

472 713 786 779 dedecore
837 714 902 778 in
957 712 1080 780 hoe
1131 714 1346 780 seculo
1397 713 1692 799 proditor
1743 714 2043 792 habetur,
2108 714 2335 779 maluit
2394 714 2515 779 hoc
2578 736 2728 781 con-

472 799 744 865 scientia
788 800 1066 883 gementi
1111 800 1348 880 celare,
1409 820 1605 884 quam
1658 802 1760 866 sui
1813 800 2119 865 damnum
2172 800 2447 865 aliorum
2490 820 2727 885 augere

469 885 902 963 detrimentis;
968 893 1032 951 et
1084 885 1165 952 ob
1217 885 1404 963 haec,
1465 886 1576 971 qui
1626 887 1808 971 prius
1861 887 2132 952 viriliter
2182 905 2365 951 suam
2418 884 2501 950 ab
2546 886 2727 952 hoste

471 970 812 1037 defendere
873 970 1122 1037 studuit
1182 973 1486 1056 patriam,
1549 978 1707 1038 tunc
1767 972 2025 1055 aperuit
2081 972 2228 1036 huic
2288 972 2355 1035 in
2410 972 2725 1054 rapinam,

470 1058 873 1139 mittiturque
927 1058 988 1123 ei
1043 1058 1206 1123 clam
1261 1078 1302 1122 a
1346 1057 1668 1123 Bolizlavo
1720 1058 2032 1123 auxilium
2087 1057 2250 1122 nihil
2295 1056 2420 1122 sibi
2462 1058 2725 1122 omnino

469 1141 844 1226 proficuum.
2734 1204 2741 1211 .

642 1229 745 1295 34.
817 1228 980 1313 (21.)
1067 1227 1364 1294 Vcnienti
1433 1235 1649 1294 autem
1720 1235 1875 1293 tunc
1943 1229 2082 1310 regi
2152 1228 2235 1293 ad
2305 1228 2540 1307 locum,
2613 1230 2725 1310 qui

468 1312 1058 1397 Hatheresburgdi⁸
1111 1314 1420 1392 dicitur¹,
1483 1336 1737 1380 omnem
1790 1312 2163 1379 thesaurum
2218 1335 2407 1379 suum
2460 1334 2527 1379 se
2577 1336 2723 1399 pre-

468 1400 804 1465 cedentem
848 1400 1177 1483 MaganuS,
1224 1400 1473 1466 comitis
1515 1400 1790 1485 predicti
1834 1399 2035 1473 mileS‚
2084 1420 2229 1464 cum
2275 1400 2409 1465 suis
2459 1400 2726 1484 corripit

467 1507 545 1551 ac
589 1492 725 1551 tum
770 1487 946 1551 intra
994 1506 1065 1550 ‚se
1117 1485 1481 1553 dividentes
1533 1487 1618 1552 ad
1664 1484 2074 1551 Amardelam
2132 1485 2455 1551 civitatem
2476 1484 2505 1531 ²
2556 1486 2723 1551 letus

465 1571 826 1639 revertitur.
927 1572 1102 1650 Quos
1153 1594 1268 1637 rex
1319 1593 1485 1655 pone
1545 1574 1873 1637 insecutus
1932 1572 2265 1655 posseditb
2327 1572 2722 1655 compositis-

468 1678 591 1741 que
651 1657 963 1722 bellorum
1026 1657 1471 1723 instrumentis
1537 1680 1647 1723 eos
1706 1658 1904 1722 vitam
1966 1657 2166 1721 solum
2237 1655 2494 1721 reddita
2563 1658 2721 1721 urbe

467 1748 532 1807 et
573 1742 776 1827 preda
819 1740 966 1807 fidis
1011 1744 1543 1809 intercessoribus
1587 1744 1917 1828 postulare
1963 1742 2286 1827 compulit.
2382 1742 2561 1807 Tunc
2613 1742 2720 1807 de-

468 1834 716 1893 structa
783 1829 1040 1912 penitus
1120 1829 1340 1894 eadem
1433 1828 1764 1913 divisaque
1842 1829 2011 1893 inter
2089 1848 2237 1893 suos
2316 1827 2719 1893 Poleniorum

465 1913 878 1979 multitudine
932 1934 1043 1978 rex
1096 1914 1246 1980 inde
1299 1915 1382 1980 ad
1436 1916 1669 1981 Crusni
1724 1912 2129 1993 castellum3,
2207 1915 2273 1977 in
2328 1934 2455 1995 quo
2518 1914 2723 1978 frater

465 2000 718 2065 comitis
763 1998 1072 2079 Heinrici,
1129 2000 1342 2065 Bucco
1387 2002 1670 2077 nomine,
1724 1999 2049 2065 dominam
2099 2020 2281 2064 suam
2328 1998 2719 2083 Gerbergam

465 2106 609 2153 cum
648 2084 798 2151 filiis
835 2086 1156 2151 custodire
1192 2086 1485 2166 debebat,
1527 2085 2007 2171 proficisciture.
2097 2084 2468 2149 Exercitum
2506 2092 2721 2151 autem

463 2171 936 2253 undiquesecus
1015 2172 1587 2238 circumsedentem
1657 2171 2001 2237 Heinricus
2080 2191 2293 2237 comes
2364 2192 2507 2236 cum
2587 2171 2721 2237 suis

463 2259 746 2325 exterius
817 2257 1216 2342 inpugnabat
1285 2257 1601 2342 quosdam
1676 2257 2017 2323 vulnerans
2094 2258 2387 2339 aliosque
2461 2259 2719 2335 incaute

460 2346 855 2411 frumentum
909 2344 1092 2428 equis
1145 2343 1642 2427 *congregantes
1688 2345 1969 2443 perimit.
2075 2343 2257 2422 Quod
2310 2364 2391 2408 ne
2444 2343 2719 2428 amplius
2746 2363 2769 2387 *
2789 2366 2873 2415 soz.
2894 2364 2972 2405 w.

461 2430 600 2496 fieri
642 2431 976 2515 potuisset,
1022 2451 1136 2494 rex
1173 2432 1422 2495 curiose
1456 2428 1736 2513 previdit
1775 2431 2001 2514 positis
2045 2428 2364 2495 militibus
2414 2430 2715 2513 quadrin-

461 2516 668 2601 gentis
735 2515 1113 2598 hostemque
1175 2517 1526 2582 secretiora
1596 2516 1971 2582 cuiusdam⁶
2021 2514 2207 2582 vallis
2279 2522 2499 2602 petere
2573 2515 2717 2581 loca

461 2603 686 2686 coegit.
777 2602 978 2680 Quem
1024 2602 1115 2667 ibi
1160 2610 1374 2668 castra
1419 2609 1766 2668 metantem
1810 2602 2038 2667 rustici
2080 2603 2272 2667 unius
2315 2603 2717 2668 incontinens

458 2688 682 2772 lingua
740 2686 1112 2753 custodibus
1211 2686 1468 2754 rodidit.
1580 2688 1693 2753 Hii
1748 2694 1962 2754 autem
2018 2688 2213 2753 medii
2272 2687 2522 2754 fervore
2587 2688 2718 2753 diei

457 2773 569 2839 1116
630 2772 982 2839 latentibus
1042 2780 1152 2838 ten
1201 2781 1378 2840 entes
1446 2773 1727 2854 insidiis,
1799 2780 1871 2838 ut
1942 2774 2219 2857 primum
2292 2780 2505 2852 castra
2565 2775 2716 2839 visis

459 2880 778 2944 agnovere
847 2859 1176 2938 tentoriis,
1256 2858 1392 2924 alta
1451 2881 1603 2925 voce
1672 2881 1788 2944 per
1855 2858 2224 2925 kirieleison
2294 2861 2491 2926 sotios
2566 2881 2715 2926 con-

457 2952 791 3026 vocantes,
845 2944 1063 3011 hostes
1115 2945 1357 3011 relictis
1414 2945 1652 3010 ibidem
1706 2944 2003 3011 omnibus
2056 2947 2211 3026 suis,
2265 2954 2455 3032 capto
2508 2945 2712 3010 solum

456 3031 762 3110 Ernasto,
836 3029 1221 3114 effugarunt.
1336 3031 1600 3096 Reversi
1658 3037 1813 3097 tunc
1870 3031 2038 3096 idem
2094 3052 2173 3095 ex
2233 3053 2469 3114 magna
2527 3039 2713 3116 parte

455 3118 677 3183 tristes
730 3116 1012 3181 effitiunt
1063 3116 1442 3182 consodales
1494 3117 1845 3183 admodum
1907 3118 2248 3196 laetantes;
2316 3125 2714 3202 presentato-

458 3224 580 3286 que
632 3204 766 3286 regi
829 3204 1083 3286 captivo
1141 3201 1434 3287 capitalis
1489 3204 1808 3269 sententia
1866 3223 1907 3268 a
1958 3201 2281 3268 iudicibus
2326 3203 2711 3280 decernitur,

456 3309 624 3372 quae
658 3288 1068 3372 Magontinae
1113 3288 1569 3373 archipresulis
1606 3289 1907 3373 Willigisi
1950 3285 2404 3354 intercessione
2442 3289 2714 3374 supplici

457 3379 540 3453 et,
589 3395 754 3457 quae
799 3375 934 3458 regi
977 3373 1240 3458 placuit,
1285 3374 1720 3459 redemptione
1766 3381 2114 3443 amovetur.

628 3463 731 3527 35.
812 3460 990 3524 Tunc
1045 3460 1268 3525 audita
1323 3461 1593 3525 senioris
1642 3461 1745 3525 sui
1795 3461 1949 3543 fuga
2007 3460 2216 3525 Bucco
2269 3480 2481 3525 comes
2532 3461 2713 3544 gravi

457 3545 678 3612 dolore
730 3547 1093 3611 concutitur
1147 3543 1274 3633 [ac,
1330 3546 1483 3630 quid
1537 3545 1661 3610 sibi
1705 3544 1881 3634 tunc]
1927 3546 2098 3611 foret
2139 3546 2535 3631 faciendum,
2563 3543 2710 3696 d[so-

456 3629 610 3719 cios]
651 3632 944 3698 consulit.
1033 3633 1090 3696 A
1135 3630 1368 3715 quibus
1403 3632 1661 3697 diversa
1696 3632 1985 3717 percepit
2017 3653 2345 3717 responsa.
2435 3633 2559 3711 Qui
2607 3653 2711 3696 am

455 3718 756 3783 dixerunt
817 3717 899 3782 ob
962 3716 1155 3783 fidem
1217 3718 1450 3782 seniori
1523 3719 1758 3783 suimet
1810 3717 2193 3801 promissam
2258 3738 2335 3782 ac
2392 3718 2709 3801 ignaviam

452 3811 763 3890 perpetuo
809 3804 903 3868 eis
945 3803 1372 3888 inputandam
1415 3804 1581 3868 mori
1626 3803 1844 3882 malle,
1901 3825 2095 3888 quam
2138 3804 2361 3870 urbem
2406 3825 2552 3869 cum
2597 3804 2712 3869 tali

453 3891 724 3975 pignore
785 3891 920 3973 regi
984 3910 1289 3973 umquam
1351 3889 1529 3969 dare3
1603 3891 1945 3975 superstite
2007 3889 2218 3955 adhuc
2288 3890 2539 3955 seniore
2596 3909 2711 3955 suo

453 3976 766 4042 auxilium
811 3995 1061 4058 semper
1105 3996 1364 4058 sperare
1406 3974 1832 4060 profuturum.
1920 3976 2047 4042 Alii
2100 3983 2342 4053 autem,
2404 3978 2517 4058 qui
2566 3974 2709 4059 plus

453 4131 500 4182 a)
527 4133 590 4172 ita
615 4132 667 4182 A,
694 4131 768 4171 ced
793 4133 970 4171 auorum
995 4141 1019 4170 r
1045 4141 1208 4170 erasum
1235 4131 1320 4180 «ut,-
1363 4130 1759 4180 anthei-esbrugge
1788 4132 1844 4172 Δ.
1864 4132 1911 4172 S.
2032 4129 2081 4182 b)
2124 4128 2327 4180 possedot
2351 4128 2405 4171 A.
2528 4131 2576 4180 c)
2615 4139 2711 4179 pro·

453 4182 666 4222 ficiscitur
691 4185 745 4224 A.
849 4183 894 4234 d)
920 4182 1094 4222 cuidam
1121 4185 1163 4222 1.

453 4285 508 4352 1)
557 4287 876 4341 Hersbruck
921 4287 1182 4356 oppidum
1230 4287 1306 4341 ad
1348 4287 1577 4352 fluvium
1614 4287 1845 4356 Peynitz
1888 4287 2081 4353 situm5
2134 4301 2181 4338 v.
2222 4282 2456 4340 ‘Jahrb.’
2493 4287 2546 4353 I,
2591 4285 2708 4340 266.

452 4355 507 4421 2)
556 4356 894 4410 Ammerthal
939 4357 1116 4411 vicum
1162 4371 1332 4423 prope
1382 4357 1623 4424 Ambery
1671 4358 1852 4412 situm.
2010 4355 2064 4420 3)
2118 4354 2397 4408 Kreuseen
2450 4353 2709 4423 oppidum

450 4425 594 4479 inter
624 4425 895 4479 Baireuth
931 4432 982 4480 et
1015 4426 1322 4480 Auerbach.
