3100 5050
448 385 518 441 34
1061 383 1466 442 ΤΗΙΕΤΜΑΒΙ
1500 382 1763 442 OHRON.
1836 387 1973 445 LIB.
2010 388 2086 444 11.

254 559 416 625 (965),
620 541 721 606 24.
785 538 947 626 (16.)
1033 539 1390 623 Imperator
1457 547 1675 608 autem
1754 542 2042 609 fraterna
2118 541 2298 608 clade
2376 544 2698 625 turbatus,

449 625 792 704 Wolmer0‚
852 626 1136 692 eiusdem
1193 625 1537 692 familiari⁸
1581 629 1954 710 capellanob
1973 656 1987 671 ·
2015 629 2059 708 ¹,
2106 628 2187 694 ob
2230 650 2514 694 amorem
2562 633 2699 697 eius

446 711 882 796 episcopatum
946 717 1014 778 et
1073 713 1284 778 anime
1346 733 1569 778 curam
1630 713 1907 781 fideliter
1966 715 2448 780 commendavit.
2557 716 2697 794 Quo

446 797 706 864 sedente
746 808 995 882 tempus
1039 820 1080 863 a
1128 800 1262 864 Deo
1321 800 1443 864 sibi
1488 804 1908 883 permissum⁶
1950 810 2016 867 et
2049 803 2115 865 in
2160 801 2453 866 omnibus
2488 803 2697 885 egreie

246 887 390 953 (969)
442 886 847 949 conversanti
883 890 948 949 et
982 884 1062 948 de
1099 885 1308 950 medio
1345 881 1504 972 [XV.
1547 886 1626 952 K.
1669 885 2035 975 Augusti]¹²·
2061 886 2090 932 ²
2116 887 2470 952 discedenti
2508 890 2695 967 Gero,

239 956 327 995 ¹¹¹¹·
351 957 415 997 ¹⁸·
443 969 646 1035 frater
698 969 1084 1036 Thietmari0
1135 970 1528 1036 marchionis
1550 970 1600 1050 ³,
1655 993 1695 1036 a
1747 973 1919 1037 clero
1977 978 2043 1037 et
2097 973 2179 1037 ab
2231 974 2402 1037 omni
2456 975 2695 1057 populo

444 1056 686 1121 electus
740 1063 863 1134 est3
919 1063 985 1122 et
1036 1056 1156 1121 hoc
1211 1058 1589 1140 imperatori
1642 1077 1789 1122 mox
1842 1058 2280 1128 adnuntiatur.
2378 1059 2499 1123 Hic
2542 1061 2697 1143 quia

441 1141 694 1226 prefato
749 1142 935 1208 fratri
987 1163 1106 1206 suo
1159 1143 1240 1207 ob
1295 1143 1534 1208 multas
1588 1164 1927 1208 causarum
1983 1147 2226 1228 species
2286 1147 2491 1209 iratus
2552 1145 2693 1224 fuit,

442 1228 598 1293 dare
650 1228 800 1294 huic
853 1229 1287 1312 episcopatum
1343 1229 1563 1296 noluit.
1670 1229 1925 1294 Interea
1977 1232 2060 1310 is,
2120 1231 2273 1314 quia
2326 1231 2694 1315 capellanus

440 1321 595 1379 tunc
637 1321 796 1394 erat,
841 1315 910 1378 in
955 1334 1080 1379 uno
1121 1314 1369 1380 dierum
1406 1315 1671 1380 missam
1708 1315 2037 1382 celebrans
2073 1317 2140 1380 in
2177 1316 2379 1400 Papia
2414 1318 2693 1396 civitate,

439 1401 601 1465 vidit
651 1401 824 1466 solus
876 1407 1166 1464 sanctum
1213 1400 1477 1466 Petrum
1529 1407 1596 1465 et
1644 1401 2047 1467 Ambrosium
2102 1410 2327 1466 sancto
2383 1423 2451 1467 se
2506 1403 2695 1467 bene·

440 1486 725 1552 dicentes
777 1485 944 1565 ole03
1009 1492 1074 1551 et
1124 1485 1334 1549 nullos
1380 1490 1534 1551 tunc
1584 1486 1895 1571 prodidit,
1960 1487 2074 1552 sed
2126 1494 2376 1552 tantum
2442 1489 2697 1554 divinae

439 1573 701 1654 pietatis
745 1593 978 1637 munus
1022 1592 1190 1655 equa
1232 1578 1444 1637 mente
1487 1574 1785 1656 portavit.
1886 1573 2312 1657 Imperatori*3
2366 1581 2583 1639 autem
2628 1576 2694 1639 in

439 1665 663 1724 sancto
699 1658 1016 1723 dominice
1052 1659 1543 1723 resurreccionis
1580 1658 1686 1723 die
1720 1660 2053 1743 evaginato
2091 1660 2394 1743 apparuit
2428 1659 2693 1742 angelus

439 1743 680 1828 gladic,
748 1765 894 1808 cum
954 1744 1084 1809 iam
1144 1751 1526 1828 preparatus
1588 1755 1855 1827 excepta
1914 1767 2149 1811 corona
2212 1745 2295 1810 ad
2358 1744 2691 1810 ecclesiam

435 1851 699 1914 pergere
753 1829 1080 1895 voluisset:
1153 1829 1362 1910 ‘Nisi,’
1425 1832 1752 1915 inquiens,
1817 1831 1903 1895 ‘in
1956 1832 2207 1897 Gerone
2267 1829 2462 1896 hodie
2524 1852 2691 1896 com-

434 1916 703 2000 pleveris
748 1915 1145 1994 electionem,
1192 1915 1492 1981 *securus
1537 1937 1665 1982 non
1709 1917 1925 1985 evadis
1967 1917 2174 1982 hanch
2218 1917 2475 1983 sedem.’
2565 1917 2693 1981 Ex·
2720 1937 2841 1987 *soi
2862 1939 2926 1978 26.

433 2022 781 2086 pavescens
825 2001 906 2066 ob
951 2001 1074 2067 hoc
1117 2023 1324 2067 cesar:
1383 2003 1771 2083 ‘Domnum,'
1826 2002 1996 2082 infit,
2054 2009 2294 2069 ‘vocate
2337 2003 2692 2069 Geronem.'

436 2088 671 2171 Eique¹
721 2090 1017 2171 protinus
1062 2089 1337 2154 venienti
1381 2109 1602 2153 curam
1664 2089 1892 2153 baculo
1943 2089 2332 2173 pastoralem
2376 2089 2694 2153 commisit

436 2181 502 2238 et
560 2175 1023 2258 indulgentiam
1085 2173 1418 2238 humiliter
1477 2173 1869 2257 efflagitavit.
1983 2175 2107 2239 Hic
2168 2195 2209 2239 a
2270 2174 2691 2257 suffraganeis

431 2267 660 2345 postea
703 2260 1096 2338 benedictae,
1143 2266 1218 2324 ut
1261 2260 1461 2343 signis
1503 2259 1697 2324 hodie
1743 2260 2127 2343 declaratur,
2173 2281 2407 2324 nomen
2452 2267 2519 2325 et
2552 2259 2690 2324 offi-

432 2348 592 2411 tium
631 2348 768 2412 Deo
812 2346 1303 2429 hominibusque
1345 2352 1625 2428 accepte,
1670 2346 1823 2411 dum
1865 2344 2086 2426 vixit4,
2129 2353 2267 2412 tota
2311 2347 2541 2411 mentis
2581 2347 2689 2410 de-

435 2435 689 2498 votione
730 2437 1030 2515 portavit.

604 2521 706 2587 25.
788 2517 996 2584 Huius
1049 2523 1275 2583 sancta
1333 2523 1569 2597 mater,
1630 2517 1888 2583 Hiddalt
1948 2517 2271 2598 nomine⁵‚
2337 2518 2688 2585 Ierusalem

432 2606 745 2671 orationis
781 2606 991 2688 gratia
1023 2610 1246 2690 petens
1280 2605 1540 2688 illicque
1568 2603 1911 2683 infirmata,
1949 2604 2116 2670 hanc
2144 2606 2279 2670 suis
2303 2605 2687 2690 legationem

429 2692 831 2777 pedissequis
887 2691 1378 2756 commendavit:
1443 2690 1858 2775 ‘Egredientil
1924 2692 2178 2756 animae
2232 2691 2491 2757 meimet
2540 2711 2687 2776 pro·

429 2780 690 2861 longato
742 2778 936 2842 huius
989 2778 1166 2843 exilii
1219 2777 1529 2856 incolatu,
1584 2797 1817 2859 corpus
1868 2798 2079 2842 meum
2132 2779 2326 2842 matri
2373 2785 2543 2843 terre
2586 2798 2688 2841 ce-

428 2866 651 2930 leriter
684 2865 942 2943 tradite,
987 2870 1055 2929 et
1087 2884 1235 2928 mox
1271 2868 1513 2940 eunteS,
1561 2862 1720 2927 haec
1753 2863 1885 2929 filio
1920 2864 2222 2928 nunciate
2258 2862 2513 2944 Geroni,
2560 2883 2685 2947 quo

429 2951 804 3034 peregrinae
838 2950 1136 3033 genitrici
1172 2970 1327 3014 suae
1363 2950 1559 3014 talem
1596 2950 1659 3013 in
1688 2950 1881 3015 terris
1910 2970 2039 3014 non
2066 2949 2333 3034 deneget
2359 2949 2684 3029 honorem,

429 3039 686 3121 qualem
729 3038 874 3119 pius
917 3037 985 3101 in
1029 3036 1224 3101 caelis
1267 3035 1422 3100 dare
1466 3035 1771 3116 dignatus
1810 3041 1909 3101 est
1943 3036 2138 3113 Deae,
2184 3042 2250 3101 et
2284 3036 2491 3101 altare
2525 3035 2685 3100 mihi

428 3125 496 3188 in
549 3123 863 3189 aecclesia
914 3128 1176 3188 sanctae
1229 3122 1583 3186 constituat
1638 3120 1957 3188 Ceciliae.‘
2056 3121 2318 3187 Talibus
2368 3122 2686 3206 preceptis

429 3209 696 3275 devotae
756 3209 1268 3292 obtemperantes
1338 3205 1578 3272 famule
1654 3207 1982 3274 dominam
2056 3228 2239 3273 suam
2308 3214 2457 3292 post
2523 3208 2685 3273 haec

428 3294 701 3360 feliciter
744 3295 1176 3377 exspirantem
1229 3294 1621 3376 sepelierunt
1672 3299 1737 3359 et
1788 3295 2009 3360 statim
2063 3294 2435 3359 recedentes
2497 3295 2684 3358 mise-

427 3382 639 3446 riam*
691 3382 930 3445 insciae
985 3378 1374 3463 effugierunt
1421 3379 1929 3447 subsecuturam.
2027 3379 2194 3445 Nam
2239 3380 2543 3445 Saraceni
2586 3380 2683 3444 Ie-

427 3468 801 3533 rusolimam
839 3473 990 3531 tunc
1025 3464 1443 3531 invadentes⁶
1474 3465 1567 3530 nil
1592 3466 1908 3550 reliquere
1934 3466 2138 3547 victis,
2177 3466 2350 3549 quod
2378 3466 2682 3531 sancta**

540 3587 596 3657 ²¹⁸)
631 3606 739 3644 non
773 3588 902 3644 add.
925 3586 1171 3656 sortasse
1207 3588 1284 3656 N,
1320 3590 1370 3643 et
1399 3589 1526 3645 item
1559 3592 1615 3643 2.
1755 3587 1851 3653 **)
1889 3586 2070 3642 Hidda
2107 3588 2236 3643 add.
2270 3592 2325 3644 2.

427 3705 454 3734 a
500 3692 675 3733 famiarl
693 3692 745 3742 A,
771 3692 806 3732 11
832 3689 935 3731 aad.
959 3692 1008 3731 T.
1113 3688 1161 3741 b)
1187 3691 1416 3743 capellana
1432 3694 1472 3731 1.
1579 3690 1621 3743 ο)
1649 3692 1906 3741 permissam
1925 3691 1977 3732 Δ.
2083 3690 2128 3741 d)
2157 3691 2204 3730 in
2234 3692 2321 3731 ιοοο
2346 3702 2477 3731 vacuo
2502 3690 2605 3731 aad.
2628 3691 2679 3730 Τ.

426 3691 763 3849 emm-21,
776 3744 868 3837 a
894 3743 1000 3835 a?
1032 3743 1334 3835 ,πω
1352 3741 2129 3847 ξᾲοοηωῆμλψοὲὲῶεῗ·
2157 3744 2208 3782 2’·
2337 3742 2375 3793 ¹>
2402 3744 2601 3793 mm
2627 3743 2682 3793 Α·

426 3883 479 3950 1)
528 3882 823 3939 Wolcmero
869 3883 954 3947 (V
949 3882 1208 3947 olcmaro)
1253 3898 1426 3949 supra
1473 3887 1895 3948 commemorato,
1944 3884 2042 3951 qui
2080 3881 2222 3936 sedit
2255 3882 2528 3936 965—969
2540 3901 2560 3949 ‚-
2608 3879 2680 3948 cf.

425 3953 708 4007 Ditmmler
734 3968 793 4021 p.
819 3951 940 4006 466.
1071 3952 1126 4018 2)
1161 3952 1256 4005 Ex
1292 3951 1452 4006 Necr.
1490 3952 1725 4006 Merseb.
1854 3950 1908 4017 3)
1944 3950 2087 4005 Filii
2106 3948 2342 4015 fuerunt
2376 3948 2685 4005 Christiani

425 4022 634 4077 comitis
667 4022 778 4075 sive
811 4022 1144 4076 marchionis
1179 4027 1230 4075 et
1255 4021 1482 4075 Hiddae
1514 4020 1587 4084 (v.
1624 4037 1797 4090 supra
1832 4035 1877 4074 ο.
1906 4020 1971 4073 17
2007 4026 2058 4074 et
2088 4019 2243 4083 iufra
2270 4035 2315 4072 ο.
2342 4019 2463 4084 25)‚·
2502 4019 2679 4073 Thiet-

424 4106 611 4146 mams
627 4090 900 4145 marchiae
917 4090 1170 4145 om'entali
1183 4094 1305 4157 post
1321 4088 1552 4144 Ger-onis
1578 4095 1796 4143 mortem
1820 4089 2101 4143 institutae
2112 4087 2363 4155 praefuit
2378 4087 2651 4142 965—978
2663 4106 2678 4150 ;

427 4158 500 4227 cf.
527 4159 884 4225 Giesebrech&
921 4157 1064 4214 ‘Otto
1098 4159 1226 4225 II.’‚
1262 4160 1487 4213 Excurs
1515 4160 1591 4225 X,
1628 4159 1908 4213 Ditmmler
1934 4172 1992 4224 p.
2022 4157 2141 4211 388.
2278 4154 2335 4220 4)
2372 4156 2515 4210 Gero
2541 4156 2679 4211 sede

425 4230 750 4292 969—9753
804 4226 877 4295 cf.
910 4228 1196 4283 Dammzer
1236 4243 1297 4294 p.
1332 4228 1436 4282 467
1479 4234 1530 4282 et
1572 4226 1725 4294 infra
1759 4228 1883 4291 III,
1928 4226 1979 4280 4.
2118 4224 2184 4289 .5)
2232 4225 2407 4289 Quam
2442 4240 2677 4279 sororem

422 4298 597 4364 fuisse
622 4297 852 4352 Geronis
876 4297 1204 4352 marchionis
1229 4297 1370 4350 Anu.
1400 4296 1552 4352 Saxo
1579 4298 1682 4351 965
1708 4296 1891 4351 tradit.
2022 4293 2076 4360 6)
2113 4294 2413 4350 Eaeercitus
2438 4294 2677 4360 chalifae

424 4366 552 4420 Aba
591 4367 795 4421 Tamim
831 4366 1074 4421 Ma'add
1115 4365 1405 4421 el-Mu’izz
1448 4382 1518 4420 σω
1559 4370 1715 4433 qente
1759 4362 2165 4417 Fatimidarmn
2209 4364 2318 4417 orti
2358 4368 2676 4431 empuqnata

423 4436 669 4507 Aegypto
710 4435 1090 4490 Palaestinam
1131 4436 1360 4490 int-ravit
1402 4442 1453 4491 et
1495 4434 1575 4488 El
1582 4434 1845 4489 -Hassan
1880 4430 2226 4501 praefectum
2263 4433 2675 4502 provinciarum
