3100 5050
1053 389 1454 446 THIETMARI
1493 387 1755 444 CHRON.
1824 389 1962 446 LIB.
1998 392 2043 447 Ι.
2610 391 2677 446 15

599 547 697 611 24.
745 545 902 632 (14.)
964 544 1119 629 [Sed
1163 545 1318 628 quia
1361 543 1551 610 homo
1599 545 2039 627 unusquisque
2082 543 2427 628 proclivior
2462 551 2561 610 est
2596 545 2679 610 ad

425 632 789 712 labendum,
835 653 1029 715 quam
1073 638 1312 695 natura
1355 631 1590 696 suimet
1635 633 1964 695 muniatur
1997 630 2081 696 ad
2118 631 2437 710 standum,
2483 652 2679 716 quam

423 718 883 784 miserabiliter
933 719 1059 781 iste
1105 717 1301 782 semel
1353 715 1723 800 deliquerit,
1778 717 1861 780 ad
1906 724 2216 782 terrorem
2271 725 2337 783 et
2379 717 2464 782 ad
2509 717 2679 783 devi-

424 805 693 870 tandum
734 805 862 888 piis
906 823 1032 867 non
1076 809 1346 868 taceam.
1438 804 1514 867 In
1561 824 1719 868 cena
1766 803 2019 867 Domini
2063 803 2255 868 nimis
2303 803 2677 883 inebriatae,

425 893 491 956 in
545 886 838 974 sequenti
891 895 1076 954 nocte
1128 889 1314 954 uxori
1367 909 1522 953 suae
1582 889 1855 953 multum
1917 891 2298 973 repugnanti
2359 889 2677 954 diabolico

423 977 733 1042 instinctu
785 976 1030 1040 inlicite
1085 976 1460 1040 coniunctus
1515 980 1632 1040 est.
1739 974 1879 1039 Hoc
1940 975 2181 1040 factum
2235 983 2463 1041 auctor
2514 977 2679 1041 tanti

423 1063 686 1128 sceleris
745 1068 811 1127 et
862 1061 1179 1126 humanae
1231 1061 1460 1127 salutis
1513 1061 1801 1126 irretitor
1854 1059 2126 1126 Satanas
2181 1062 2437 1127 cuidam
2494 1083 2681 1128 vene-

422 1148 666 1214 randae
701 1148 796 1213 sic
831 1146 1120 1231 prodidit
1154 1156 1517 1212 matronae:
1576 1145 1873 1212 ‘Mahtild
1902 1148 2142 1231 regina,
2175 1169 2381 1232 nuper
2410 1147 2680 1213 hortatu

143 1254 178 1280 ¹*
208 1253 311 1301 sot·
332 1253 397 1290 11·
423 1257 565 1301 meo
631 1234 917 1300 maritali
985 1233 1428 1299 consentiens⁸
1480 1233 1819 1317 voluptati,
1894 1235 2189 1318 concepit
2244 1233 2446 1299 filium
2510 1234 2680 1300 *sine

421 1321 597 1387 omni
641 1319 838 1385 dubio
883 1340 1123 1400 meum;
1172 1326 1237 1384 et
1277 1327 1351 1384 tu
1388 1319 1550 1399 vide,
1597 1326 1673 1385 ut
1716 1323 1967 1384 tantum
2015 1321 2252 1404 optime
2298 1320 2463 1386 celes
2510 1341 2679 1386 com-

425 1406 732 1472 missum.’
842 1406 1021 1471 Haec
1081 1406 1354 1471 multum
1418 1404 1500 1470 ob
1552 1404 1673 1471 hoc
1727 1406 1891 1470 clam
1946 1406 2153 1471 tristis
2207 1404 2477 1472 effectab
2536 1429 2681 1490 pre-

425 1495 635 1559 dictae
669 1492 793 1557 hoc
831 1492 1126 1557 celeriter
1151 1490 1566 1556 adnunciavit
1590 1492 1865 1575 reginae,
1902 1512 2295 1573 ammonens,
2332 1499 2406 1557 ut
2430 1514 2681 1578 semper

428 1581 755 1664 episcopos
811 1585 1008 1662 atque
1060 1577 1448 1662 presbiteros
1495 1598 1712 1642 secum
1756 1576 2027 1643 haberet
2088 1585 2154 1643 et
2197 1581 2263 1643 in
2307 1580 2453 1662 ipsa
2495 1581 2678 1664 pueri

425 1667 758 1733 nativitate
811 1665 981 1729 sacri
1033 1663 1445 1747 baptismatis
1499 1663 1677 1729 unda
1728 1663 2045 1744 ablueret,
2107 1665 2449 1749 quiequid⁰
2492 1669 2559 1730 in
2604 1687 2679 1730 eo

423 1752 549 1817 sibi
603 1751 946 1816 dilectum<1
996 1750 1347 1816 accidisse⁶
1398 1749 1630 1815 demon
1681 1749 2005 1816 infaustus
2058 1751 2350 1818 iactaret.
2449 1752 2535 1817 Et
2587 1753 2679 1818 sic
2708 1808 2801 1847 md
2837 1809 2895 1848 Et

421 1838 596 1904 Deor
629 1837 871 1921 gratias
908 1838 1054 1920 egit.
1110 1835 1351 1901 Videns
1387 1842 1605 1900 autem
1641 1835 1919 1916 daimon,
1966 1836 2033 1902 id
2061 1843 2161 1902 est
2198 1839 2415 1903 omnia
2450 1839 2678 1918 8016118,
2707 1819 2984 1910 111111ιῖἓί

423 1945 491 1990 86
517 1944 781 2008 prorsus
809 1943 949 1988 esse
977 1921 1288 2000 delusum,
1319 1920 1621 1987 domnam
1643 1923 2003 2006 increpavit
2021 1944 2219 2006 supra
2236 1931 2678 2003 memoratam,

420 2011 583 2075 talia
626 2008 1039 2073 subnectens:
1087 2008 1249 2073 ‘Etsi
1293 2028 1438 2073 mea
1479 2029 1650 2072 nunc
1694 2010 1779 2074 sit
1813 2010 2107 2087 voluntas
2150 2011 2281 2075 tuis
2322 2010 2675 2076 frustratae

420 2095 798 2173 blasfemiis,
843 2099 1058 2158 tamen
1103 2094 1172 2158 in
1216 2092 1338 2159 hoc
1378 2093 1648 2178 profeci,
1696 2094 1868 2178 quod
1914 2116 1993 2160 ex
2037 2117 2111 2161 eo
2158 2105 2223 2160 et
2264 2117 2344 2161 ex
2383 2096 2679 2162 omnibus

421 2183 502 2247 de
548 2179 784 2246 lumbis
819 2178 1104 2244 eiusdem
1140 2201 1447 2264 umquam
1481 2180 2039 2265 progredientibus
2078 2203 2430 2265 numquam
2474 2182 2682 2249 deerit

422 2290 566 2334 mea
611 2287 826 2332 comes
868 2265 1211 2344 discordia,
1257 2288 1376 2331 nec
1418 2266 1752 2350 proveniet
1795 2267 1888 2331 eis
1922 2289 2050 2352 pax
2085 2267 2312 2335 firma.’
2401 2269 2680 2334 Mendax

423 2356 530 2421 ille
586 2360 651 2420 et
702 2353 994 2419 veritatis
1047 2353 1348 2418 inimicus
1411 2352 1573 2417 haec
1638 2373 1753 2436 pro
1804 2354 2131 2418 voluntate
2185 2375 2305 2418 sua
2362 2354 2527 2421 dixit
2594 2361 2677 2439 et,

421 2447 497 2506 ut
541 2460 750 2525 spero,
803 2460 932 2505 non
977 2459 1096 2521 pro
1142 2438 1623 2521 adimplecione.
1715 2438 1904 2503 Multi
1945 2446 2162 2504 autem
2208 2439 2552 2521 affirmant,
2608 2448 2681 2507 ut

421 2530 487 2594 in
542 2528 836 2611 sequenti
889 2525 1136 2592 dictatu
1190 2531 1484 2610 apparet,
1539 2523 1713 2610 quod
1767 2524 1890 2591 sub
1942 2527 2080 2591 eius
2099 2525 2122 2571 ¹
2178 2533 2243 2592 et
2284 2527 2402 2592 filii
2446 2530 2682 2594 suimet

419 2613 815 2698 temporibus
851 2611 1076 2677 crebra
1120 2611 1304 2677 fieret
1338 2611 1679 2676 commotio
1730 2618 1794 2676 et
1828 2611 2065 2695 quietis
2100 2634 2298 2696 parva
2334 2615 2675 2679 certitudo,

164 2722 196 2747 ⁴
220 2734 280 2771 p·
305 2720 396 2759 ⁷42·
424 2701 502 2765 In
537 2699 766 2765 diebus
801 2719 950 2763 vero
987 2699 1131 2775 hiis,
1177 2697 1409 2781 quibus
1453 2718 1724 2781 regnare
1770 2699 1942 2781 cepit
1984 2700 2221 2765 tercius
2265 2700 2333 2763 in
2375 2699 2679 2767 *numero

421 2786 655 2851 ducum
691 2785 1033 2850 Heinricus
1077 2789 1143 2849 et
1185 2787 1252 2848 in
1296 2782 1520 2849 ordine
1566 2784 2087 2868 sceptriferorum
2136 2786 2471 2865 secundus,
2526 2794 2681 2851 tunc

421 2872 534 2937 illa
572 2871 723 2936 filex
757 2872 1125 2955 iniquitatis
1153 2871 1408 2935 exaruit
1441 2871 1545 2935 et¹²
1572 2871 1753 2954 pacis
1790 2869 1995 2936 bonae
2029 2870 2147 2936 flos
2172 2872 2383 2937 virens
2417 2874 2675 2953 enituit3

423 2963 488 3021 et
531 2958 588 3022 si
631 2957 789 3040 quid
831 2956 1158 3041 prioribus
1207 2954 1408 3044 [huic]
1449 2956 1657 3021 simile
1695 2958 1762 3021 in
1796 2958 2013 3041 aliquo
2050 2978 2219 3023 nunc
2254 2958 2509 3039 accidit,
2555 2959 2680 3025 hoc

425 3062 551 3106 non
597 3042 787 3127 culpa
830 3044 949 3122 sui,
997 3042 1111 3107 sed
1153 3043 1557 3125 instigatoris
1602 3043 1728 3108 fuit
1770 3043 1999 3129 impii]
2640 3044 2645 3049 ’

144 3151 178 3177 ⁴·
196 3149 295 3199 soz.
318 3145 394 3186 11‘.
596 3128 696 3193 25.
761 3126 1113 3211 [LegimuS,
1169 3127 1341 3211 quod
1385 3129 1599 3193 omnia
1640 3139 1921 3215 tempora
1964 3130 2235 3216 *tempus
2278 3130 2519 3212 habent,
2564 3131 2678 3196 sed
2704 3152 2925 3202 nnciam,
2945 3155 2982 3194 1.

421 3232 550 3277 non
597 3216 830 3293 omnia,
877 3212 943 3278 id
989 3219 1088 3279 est
1129 3235 1172 3278 a
1213 3214 1352 3279 Deo
1397 3215 1641 3280 nullum
1689 3236 1828 3281 esse
1872 3216 2055 3281 viciis
2099 3218 2311 3281 locum
2356 3216 2441 3282 ab
2485 3218 2678 3284 inicio

423 3298 878 3379 constitutum;
923 3305 989 3365 et
1031 3301 1185 3381 quia
1229 3298 1551 3383 fragilitas
1594 3302 1809 3366 carnis
1854 3302 1991 3367 sine
2035 3301 2256 3387 aliqua
2298 3304 2677 3387 contagione

421 3406 548 3450 non
583 3384 754 3449 valet
797 3406 961 3466 esse,
1029 3408 1068 3451 a
1113 3386 1500 3470 capitalibus
1559 3408 1627 3452 se
1674 3387 2048 3453 criminibus
2102 3389 2429 3455 abstineat
2494 3396 2559 3455 et
2609 3391 2677 3454 in

421 3471 1033 3555 sollempnitatibus¹
1097 3472 1412 3538 universis
1462 3472 1857 3538 mundiciam
1912 3480 2139 3543 servet.
2245 3475 2323 3540 In
2375 3475 2675 3559 legitimis

420 3556 949 3625 coniunoionibus
981 3577 1114 3623 non
1148 3580 1286 3623 esse
1336 3558 1637 3623 delictum
1690 3560 1958 3643 aliquod
2004 3561 2325 3643 scriptura
2368 3567 2675 3643 testatur;
2704 3582 2983 3633 1.cor.‘1‚28.

421 3652 486 3711 et
544 3643 665 3709 hoc
726 3664 872 3708 cum
931 3643 1373 3710 observatione
1447 3644 1869 3710 festivitatum
1938 3646 2295 3712 honoratur
2371 3655 2438 3714 et
2496 3648 2678 3713 nulla

415 3730 687 3816 periculi
756 3729 1127 3795 inminentis
1201 3730 1486 3813 procella
1566 3731 1887 3799 turbatur.
2002 3732 2102 3797 Ad
2169 3733 2331 3799 haec
2398 3735 2677 3819 amplius

419 3816 841 3902 approbanda
886 3837 1084 3882 unum
1127 3815 1386 3900 profero
1427 3818 1806 3900 exemplum.
1896 3818 2173 3897 Quidam
2208 3822 2325 3900 vir,
2372 3819 2520 3886 Uffo
2560 3841 2676 3885 no-

421 3904 610 3983 mine,
666 3902 861 3968 civis*
908 3901 1611 3986 Magadaburgiensis¹,
1672 3904 1873 3969 nimia
1927 3904 2237 3971 ebrietate
2292 3906 2675 3990 compulsus,

420 4049 464 4099 8)
497 4042 718 4112 marium*
729 4052 922 4091 sentiens
947 4052 996 4102 E,
1021 4049 1213 4113 maritali
1247 4048 1468 4111 &sentiens
1500 4050 1549 4099 T,
1576 4053 1623 4089 ut
1648 4051 1829 4091 videtur.
1958 4049 2005 4103 b)
2039 4051 2242 4092 effectum
2268 4054 2316 4101 E,
2343 4052 2418 4092 sed
2443 4063 2487 4091 m
2514 4064 2679 4095 mcum

418 4104 466 4201 εἷ’)
497 4103 1522 4205 ἶᾶἕιῖἓῗζω“εἶ”“”ἶ)’ἵὲἒῗᾶἶζοῖ“ἧῗέῗ“μ“ῧ
1560 4112 1640 4203 ’ἔω
1665 4102 2149 4206 (ἐίωξιῗὶοΐέωἲῗ.
2210 4104 2283 4195 ¹3¹⁶
2322 4105 2673 4206 Ἕὶωῖιὶἴῖζ

417 4202 469 4295 ξ)
481 4206 623 4309 gaf?
751 4206 788 4257 1)
814 4208 998 4256 souepn.
1024 4208 1066 4247 1.
1186 4204 1234 4256 k)
1261 4204 1382 4245 cives
1407 4205 1458 4245 Ε.
1573 4205 1608 4256 1)
1637 4205 1654 4243 1
1676 4205 1723 4245 in
1748 4205 1817 4245 hie
1842 4207 2079 4246 nominibus
2104 4218 2263 4258 semper
2288 4218 2454 4247 erasum
2480 4212 2539 4248 est
2564 4220 2593 4248 α
2628 4210 2675 4260 V,

449 4268 466 4295 ι
621 4286 630 4297 .

422 4367 474 4433 1)
510 4368 728 4426 Scilicet
757 4371 1009 4435 Heium-ici
1027 4373 1078 4425 Ι.
1106 4370 1264 4425 ducis
1292 4370 1578 4425 Bavariae
1604 4371 1919 4437 (948—955)
1935 4372 2149 4441 filiique
2176 4373 2297 4427 eius
2314 4373 2571 4434 Heinrici
2584 4374 2673 4428 ΙΙ.

423 4436 766 4504 (955—995);
812 4440 886 4506 cf.
923 4440 1224 4505 Dammlen
1261 4436 1404 4494 ‘otto
1429 4440 1500 4493 I.’
1533 4456 1591 4507 p.
1618 4442 1739 4496 268.
