3100 5050
962 466 1371 524 THIETMARI
1407 466 1677 524 CHRON.
1746 468 1885 525 LIB.
1921 470 2026 526 111.
2553 473 2621 528 49

365 623 716 688 Niriechua
733 622 775 703 ¹,
815 621 1114 687 Bucithi2
1149 627 1215 687 et
1248 621 1536 706 Cothug3
1574 642 1651 687 ac
1687 623 2041 689 Borintizi4
2076 629 2144 689 et
2182 624 2623 708 Gunthorp⁸·⁵

83 730 105 752 ..
135 741 256 770 mn.
289 729 338 769 r.
366 711 676 860 pffimisit,
723 711 782 774 ei
820 709 1006 794 [haec
1043 708 1287 792 omnia]
1326 709 1585 793 scriptis
1621 708 1848 775 *manu
1885 711 2147 794 propria
2183 711 2623 778 conroboratis

367 818 408 861 a
483 817 719 862 rmans.

539 885 597 950 2.
645 882 766 968 (2.)
828 880 1095 946 Interim
1140 879 1329 959 Ger0,
1377 880 1725 964 Agripinae
1768 881 1938 947 sedis
1984 884 2271 966 egreiusb
2314 887 2619 968 provisor,
2659 896 2820 965 (975).

368 967 598 1049 obiit63
659 968 736 1034 de
797 988 923 1051 quo
982 967 1136 1050 quia
1193 986 1400 1049 pauca
1456 965 1794 1049 prelibavi,
1854 989 2020 1051 quae
2079 977 2233 1034 tunc
2289 972 2625 1048 reservavi,

366 1055 591 1138 paucis
635 1053 904 1121 edicam.
1004 1051 1125 1116 Hic
1170 1050 1573 1130 crucifixum,
1627 1053 1795 1136 quod
1841 1075 2011 1119 nunc
2057 1059 2227 1137 [stat]
2273 1057 2338 1121 in
2391 1057 2624 1138 media,

368 1139 480 1205 ubi
523 1141 660 1222 ipse
707 1137 1015 1226 [pausat],
1060 1137 1402 1216 aecclesia,
1448 1158 1528 1202 ex
1572 1137 1745 1221 ligno
1788 1140 2076 1206 studiose
2130 1141 2441 1207 fabricari
2482 1164 2625 1227 pre-

367 1228 556 1311 cepit.
647 1225 855 1291 Huius
900 1229 1095 1306 caput
1138 1223 1291 1288 dum
1335 1222 1558 1288 fissum
1603 1224 1867 1305 videret,
1920 1226 2040 1291 hoc
2082 1229 2316 1293 summi
2360 1228 2627 1294 artificis

369 1319 434 1378 et
476 1312 621 1378 ideo
665 1310 1010 1377 salubriori
1052 1309 1336 1376 remedio
1378 1309 1471 1375 nil
1515 1309 1596 1374 de
1642 1321 1745 1375 se⁰
1796 1333 2169 1396 presumens
2220 1315 2311 1380 sic
2358 1317 2623 1380 curavit.

374 1398 690 1465 Dominici
725 1397 1010 1482 corporis
1043 1396 1427 1481 porcionem,
1466 1396 1725 1461 unicum
1762 1398 1829 1462 in
1858 1401 2105 1464 cunctis
2133 1401 2627 1466 necessitatibus

92 1503 112 1525 ²·
141 1515 257 1544 man.
286 1503 340 1544 A.
371 1486 708 1563 solacium,
765 1484 864 1550 *et
908 1490 1153 1566 partem
1199 1503 1395 1546 unam
1443 1483 1777 1548 salutifere
1822 1487 2031 1550 crucis
2077 1487 2464 1570 coniungens
2515 1508 2625 1572 po-

123 1590 340 1638 *f01-35·
369 1573 499 1638 suit
551 1572 615 1636 in
672 1572 903 1636 rimam
970 1577 1036 1636 et
1085 1575 1448 1654 prostratus
1499 1588 1736 1634 nomen
1784 1570 2039 1635 Domini
2081 1570 2407 1638 flebi*liter
2449 1574 2627 1638 invo-

368 1660 536 1723 cavit
579 1664 646 1722 et
689 1676 956 1740 surgens
1000 1655 1230 1721 humili
1284 1653 1735 1721 benediccione
1778 1657 2215 1740 integritatem
2250 1661 2625 1743 promeruit.

369 1745 433 1810 Is
494 1744 646 1809 dum
707 1741 1020 1827 capellam
1082 1742 1260 1806 clara
1318 1741 1450 1806 iam
1510 1741 1655 1806 luce
1707 1742 1984 1808 intraret
2034 1765 2246 1824 suam,
2302 1745 2627 1811 Victorem

370 1838 694 1910 sanctum,
747 1839 821 1894 ut
865 1831 1000 1894 suis
1041 1832 1189 1911 post
1231 1827 1555 1892 intimavit
1607 1825 1932 1908 fidelibus,
1987 1851 2131 1895 cum
2184 1830 2479 1897 zablo⁶·⁷
2533 1832 2628 1896 di-

369 1919 712 1982 micantem
757 1923 954 1998 atque
996 1915 1352 1979 vincentem
1398 1914 1581 1980 vidit.

541 2004 600 2068 3.
665 2003 873 2067 Huius
920 2001 1164 2066 obitum
1206 1999 1464 2064 cuidam
1501 2000 1873 2066 abbatissae
1913 2001 2331 2086 Gerbergae⁹·
2351 2003 2398 2082 8,
2436 2025 2629 2088 quam

368 2099 630 2173 propter
673 2089 1041 2154 castitatem
1080 2086 1315 2152 mentis
1351 2093 1416 2152 et
1453 2087 1745 2171 corporis
1793 2087 1964 2152 idem
2009 2089 2280 2155 multum
2320 2090 2632 2155 dilexerat

371 2196 714 2258 secumque
759 2195 908 2258 sepe
952 2174 1262 2252 detinuit,
1322 2172 1623 2239 diabolus
1665 2172 1981 2238 bonorum
2026 2175 2278 2241 invidus
2324 2177 2627 2252 omnium,

371 2263 539 2327 sicut
589 2261 797 2344 prius‘
845 2259 1090 2326 solebat
1141 2260 1209 2325 in
1254 2262 1509 2339 ceteris,
1565 2258 1881 2341 prodidit:
1940 2260 2205 2326 ‘Vellem
2251 2263 2374 2328 tibi
2418 2284 2631 2327 meum

372 2348 622 2431 aperire
677 2354 1022 2423 secretum,
1085 2347 1154 2410 ni
1205 2353 1270 2410 te
1323 2345 1556 2412 scirem
1614 2352 1846 2410 cuncta
1907 2346 2219 2412 hactenus
2281 2369 2627 2432 numquam

371 2435 722 2499 servavisse
782 2433 1140 2500 commissa.
1255 2431 1382 2498 Sed
1443 2433 1500 2496 si
1560 2429 1839 2496 fideliter
1900 2431 2025 2497 hoc
2084 2435 2411 2500 continere
2473 2433 2631 2499 mihi

368 2520 711 2606 promittis,
759 2542 836 2587 ea
879 2520 1023 2587 dico
1066 2518 1374 2593 rationess,
1421 2516 1959 2603 quandocumque
1994 2519 2190 2585 alicui
2226 2522 2320 2587 vis
2358 2522 2630 2605 aperire,

370 2608 568 2672 vitam
612 2606 734 2671 tibi
777 2629 876 2673 me
920 2628 1047 2673 non
1095 2605 1355 2673 dubites
1397 2605 1645 2672 tollere.
1737 2603 1926 2685 Gero,
1972 2612 2122 2671 tuus
2158 2606 2519 2684 familiaris,
2566 2608 2631 2671 in

371 2693 492 2759 hoc
535 2714 706 2758 anno
750 2698 1000 2759 tantam
1043 2692 1286 2758 incidet
1327 2692 1767 2757 infirmitatem
1812 2697 1943 2757 tres
1990 2692 2154 2772 dies,
2215 2702 2288 2759 ut
2342 2701 2632 2758 mortuus

373 2778 699 2858 credatur;
747 2787 813 2844 et
855 2781 909 2844 si
955 2779 1038 2845 ab
1082 2780 1298 2861 aliquo
1341 2778 1466 2844 hoc
1502 2776 1792 2861 spacium
1829 2778 2207 2858 custoditur,
2254 2779 2387 2845 tale
2423 2786 2635 2862 potest

373 2886 639 2931 securus
691 2862 962 2931 evadere
1011 2864 1406 2950 periculum.’
1508 2862 1636 2929 Sed
1689 2862 1926 2929 ancilla
1970 2863 2210 2929 Christi
2257 2865 2466 2930 verbis
2520 2865 2628 2930 ob-

373 2951 736 3035 stupefacta
787 2951 1028 3017 talibus
1089 2949 1264 3016 fideli
1319 2972 1388 3016 se
1453 2950 1714 3015 silentio
1774 2948 1936 3015 haec
1993 2950 2289 3034 promisit
2341 2949 2631 3016 omnibus

373 3038 713 3102 occultare.
787 3038 967 3103 Haec
1002 3058 1148 3102 cum
1183 3036 1457 3101 eundem
1493 3034 1739 3101 videret
1776 3056 2169 3116 evanescere,
2208 3037 2453 3103 directo
2484 3058 2633 3101 mox

372 3123 608 3188 itinere
667 3123 1151 3208 archiepiscopo
1208 3125 1505 3188 universa
1560 3122 1864 3190 narravit.
1960 3122 2146 3202 Quod
2191 3124 2488 3189 diabolus
2537 3126 2633 3188 in-

126 3227 146 3249 *
165 3228 247 3277 fol-
266 3222 347 3265 85‘·
373 3208 668 3292 telligens
730 3211 799 3275 in
853 3216 1107 3275 tantum
1166 3230 1310 3275 eam
1364 3208 1626 3285 cecidit,
1682 3216 1756 3273 ut
1806 3215 1953 3291 post
1995 3208 2439 3275 *innumerosh
2492 3210 2632 3275 dies

372 3296 572 3361 vitam
623 3296 790 3361 hanc
843 3295 1134 3379 fragilem
1189 3297 1322 3362 vita
1379 3300 1659 3360 mutaret
1710 3300 1992 3362 aeterna.
2100 3297 2633 3381 Archiepiscopus

375 3388 594 3448 autem
657 3383 724 3446 in
777 3382 882 3447 die
935 3382 1358 3466 depositionis
1412 3382 1550 3446 eius
1611 3380 1871 3445 missam
1938 3381 2271 3447 celebrans
2333 3384 2631 3448 meritum

376 3470 514 3533 eius
567 3470 816 3534 cunctis
878 3468 1276 3534 asstantibus
1338 3467 1573 3532 indixit
1636 3465 2228 3551 indulgentiamque
2280 3470 2342 3533 ei
2394 3467 2477 3534 ab
2531 3467 2634 3532 his

376 3553 746 3638 postulavit,
793 3560 859 3618 et
901 3554 1040 3636 ipse
1085 3555 1257 3619 fecit.

545 3642 605 3705 4.
683 3640 836 3705 Post
894 3639 1055 3704 haec
1114 3639 1486 3704 infirmitate
1547 3636 1842 3720 predicta
1902 3644 2235 3722 gravatus,
2304 3662 2371 3706 se
2432 3640 2633 3704 Evur-

374 3726 629 3810 gero¹·9
690 3725 1178 3791 custodiendum
1242 3725 1579 3791 commisit.
1696 3724 1818 3802 Qui
1880 3724 2151 3789 eundem
2215 3727 2351 3792 acri
2412 3725 2632 3791 dolore

376 3813 801 3897 defatigatum
856 3812 1044 3895 quasi
1100 3819 1422 3877 mortuum
1475 3811 1679 3876 lavari
1732 3809 2093 3895 feretroque
2146 3813 2496 3897 inpositum
2550 3812 2634 3877 ad

376 3925 421 3973 a)
459 3929 503 3966 et
530 3924 763 3975 Gunthorp
789 3936 953 3965 erasum
979 3926 1026 3965 in
1052 3930 1076 3965 ι
1103 3937 1153 3965 a
1179 3925 1232 3965 A.
1252 3925 1300 3965 S.
1326 3925 1537 3975 supplevit
1564 3924 1648 3963 iam
1682 3922 1877 3963 Ursinus.
1974 3922 2023 3975 b)
2061 3925 2210 3973 carlus
2239 3928 2279 3965 1.
2369 3924 2411 3975 c)
2444 3925 2559 3964 dem
2582 3927 2631 3973 1,-

376 3978 485 4017 ηοω
509 3979 808 4028 suppleverunt
834 3978 918 4016 iam
943 3978 970 4016 2
998 3980 1035 4017 ee
1053 3977 1104 4016 A.
1126 3978 1172 4017 S.
1285 3976 1332 4027 d)
1357 3977 1418 4016 ica
1435 3976 1486 4027 A,
1514 3976 1647 4016 aabto
1673 3986 1781 4014 corr.
1811 3976 1856 4015 V.
1972 3976 2015 4027 e)
2042 3977 2232 4029 gei-bez?
2250 3979 2290 4017 1.
2395 3977 2433 4026 f)
2456 3980 2561 4026 pius
2584 3978 2633 4024 A,

376 4040 482 4071 com
506 4031 554 4070 T.
675 4027 722 4081 g)
752 4034 800 4068 ut
824 4030 947 4069 addit
975 4030 1018 4069 V.
1140 4026 1189 4079 h)
1220 4038 1383 4078 paucos
1410 4030 1462 4068 A.
1484 4028 1528 4068 S.
1558 4039 1600 4068 a.
1623 4028 1727 4076 9⁷4,
1750 4026 1863 4068 Anu.
1884 4028 1981 4080 Hae
1991 4029 2035 4068 d.
2054 4041 2097 4069 a.
2118 4030 2215 4069 971.
2347 4028 2381 4077 1)
2408 4038 2556 4077 onera.
2587 4027 2631 4067 V.

379 4106 431 4174 1)
469 4108 733 4163 Nerchau
756 4123 789 4161 o
884 4107 893 4118 ‘
930 4124 1023 4161 um
1047 4108 1107 4160 in
1134 4107 1324 4162 dextra
1350 4106 1480 4174 ripa
1509 4105 1740 4160 Muldae
1765 4104 1922 4166 infra
1947 4105 2268 4161 (zo-immam.
2352 4108 2407 4172 2)
2442 4107 2632 4161 Poete—

377 4178 550 4231 sehau
591 4178 731 4231 inter
845 4176 962 4231 ”tha
1010 4181 1064 4230 et
1107 4174 1358 4230 Grimma
1403 4174 1613 4240 (Ura),
1662 4191 1737 4229 an
1774 4175 2054 4231 Patet-esch
2092 4191 2266 4243 prope
2300 4174 2588 4231 G'roitzsch
2602 4174 2633 4228 ἓ

377 4245 432 4311 3)
470 4244 752 4301 Gautzseh
782 4246 923 4301 inter
959 4246 1186 4313 Leipzig
1221 4250 1275 4300 et
1310 4244 1595 4299 Zwenkau
1629 4242 1810 4307 (Urs.)
1826 4242 1857 4297 ἓ
1996 4244 2051 4309 4)
2087 4245 2339 4299 Brandt‘s
2375 4245 2634 4313 oppidum

377 4315 520 4369 inter
563 4314 795 4384 Leipziq
840 4321 891 4369 et
935 4313 1190 4369 Wurzen.
1346 4312 1401 4379 5)
1455 4311 1719 4379 Gundorf
1752 4313 1893 4367 inter
1926 4314 2156 4382 Leipzig,
2199 4320 2250 4369 et
2290 4313 2634 4369 Schkeuditz.

378 4384 432 4447 6)
469 4386 632 4438 Anno
667 4384 794 4445 975;
839 4386 984 4437 Ann.
1022 4382 1201 4437 Goion.
1236 4382 1360 4446 (SS.
1388 4383 1463 4446 I).
1617 4383 1670 4447 7)
1710 4382 1757 4435 Ι.
1794 4398 1837 4435 e.
1874 4382 2102 4436 diabolo.
2173 4384 2239 4438 L.
2393 4383 2448 4445 8)
2485 4381 2634 4436 Golo-

377 4452 574 4519 niensi,
599 4458 663 4507 ut
686 4453 918 4518 videtur,
947 4458 1178 4507 cetorum
1205 4453 1435 4521 ignotae.
1566 4450 1620 4517 9)
1657 4450 1857 4505 Eidem
1881 4451 2137 4519 sonasse,
2165 4454 2262 4522 qui
2284 4470 2335 4507 a.
2362 4453 2637 4508 985—999

380 4520 896 4589 archiepiscopatum
933 4519 1298 4577 Coloniensem
1332 4522 1578 4577 obtinuit.

2256 4624 2292 4678 4
