3100 5050
452 413 520 467 14
1076 409 1482 466 THIETMARI
1517 410 1781 467 CHRON.
1850 413 1987 469 LIB.
2022 414 2068 468 I.

451 563 634 628 tistes
653 563 742 629 VI
753 563 866 644 ¹¹⁸*,
896 563 1174 632 XVIIII.
1202 565 1280 630 K.
1310 563 1612 630 Februar.
1648 564 1862 654 [obiit]
1883 565 1927 645 ¹,
1956 567 2059 631 cui
2080 567 2503 646 Bernhardus‚
2533 568 2696 633 eius-

449 650 595 714 dem
631 649 1017 734 capellanus,
1055 651 1364 716 successit
1377 648 1422 729 2,
1460 653 1628 715 sicut
1665 653 1723 717 ei
1758 657 1937 735 prius
1970 653 2065 718 vir
2101 660 2360 719 sanctus
2438 653 2695 722 redixit.

449 735 742 819 Namque
802 736 858 800 is
920 734 1029 800 diu
1092 737 1383 801 infirmus
1443 736 1618 802 videt
1684 739 1752 803 in
1822 739 2088 818 somnis,
2157 738 2327 823 quod
2442 742 2697 806 aculum

449 822 840 904 pastoralem
874 842 908 886 e
945 822 1243 888 manibus
1278 823 1413 888 suis
1449 823 1738 906 elapsum
1774 823 2184 891 Bernhardus
2218 847 2384 909 pone
2426 847 2697 911 sequens

449 909 725 974 elevaret
768 914 833 972 et
874 908 942 972 in
986 915 1212 991 aperto
1245 914 1556 991 portaret.
1626 909 1713 974 Et
1746 912 2232 995 expergiscens·
2268 914 2517 978 vocavit
2551 934 2694 978 eum

446 994 529 1060 ad
566 1015 653 1074 se,
692 993 938 1059 dicens:
978 993 1179 1060 ‘Vade
1215 993 1300 1059 ad
1333 1000 1578 1060 curtem
1613 996 1875 1078 regiam,
1913 1017 2168 1063 sumens
2204 1019 2282 1064 ex
2316 1019 2463 1064 mea
2495 1006 2695 1081 parte,

448 1101 613 1164 quae
649 1078 769 1144 tibi
804 1080 935 1144 sint
971 1079 1053 1145 ad
1090 1081 1244 1146 haec
1279 1082 1662 1161 necessaria,
1708 1088 1773 1147 et
1806 1083 2068 1166 acquire
2103 1085 2380 1168 gratiam
2416 1089 2483 1150 et
2516 1086 2694 1150 auxi-

445 1166 603 1232 lium
646 1165 739 1231 ibi
783 1167 1018 1251 optime
1051 1167 1416 1246 valentium,
1462 1173 1534 1231 ut
1576 1166 1698 1232 tibi
1732 1167 1926 1234 liceat
1960 1171 2098 1234 sine
2136 1172 2312 1236 omni
2348 1170 2693 1236 offensione

447 1252 604 1318 mihi
661 1252 1020 1318 succedere.
1127 1251 1494 1318 Providebit
1549 1254 1717 1318 enim
1776 1254 1936 1319 haec
1990 1257 2205 1322 omnia
2268 1255 2438 1345 [tibi]
2500 1257 2691 1338 Deus,

445 1339 676 1405 dilecte
719 1337 861 1403 filil’
954 1338 1253 1404 Edictum
1289 1340 1488 1403 amati
1524 1338 1797 1405 senioris
1834 1339 2202 1406 obeditione
2236 1342 2466 1408 humili
2499 1344 2695 1409 Bern-

443 1424 684 1491 hardus
740 1422 937 1513 [mox]
993 1425 1342 1508 complens,
1403 1423 1555 1489 dum
1599 1446 1639 1489 a
1683 1445 1830 1508 rege
1873 1425 2217 1491 Heinricob
2249 1435 2694 1509 reverteretur,

444 1513 784 1596 comperit,
837 1511 1166 1576 dominum
1209 1510 1442 1576 suimet
1485 1517 1552 1575 et
1592 1517 1841 1596 patrem
1886 1511 1965 1576 de
2009 1511 2133 1578 hac
2175 1514 2317 1579 luce
2370 1516 2696 1581 tricesimo

445 1596 868 1664 ordinationis
914 1617 1070 1662 suae
1113 1617 1281 1662 anno
1327 1596 1411 1661 ad
1456 1597 1787 1663 Christum
1829 1598 2165 1681 migrasse3
2217 1605 2282 1664 et
2324 1621 2471 1664 mox
2516 1624 2696 1685 repe-

443 1684 632 1763 danS,
702 1682 978 1770 predicti
1035 1684 1208 1768 regis
1269 1703 1562 1763 munere,
1634 1683 1808 1768 quod
1874 1685 2188 1768 postulat,
2260 1688 2692 1769 consequitur.

441 1769 732 1836 Positum
785 1775 883 1836 est
933 1776 1150 1834 autem
1203 1789 1437 1854 corpus
1488 1769 1726 1854 prefati
1768 1769 2043 1855 presulis
2085 1772 2153 1836 in
2196 1770 2460 1836 dextera
2511 1779 2694 1856 parte

441 1857 670 1922 altaris
723 1856 963 1922 Christi
1015 1856 1487 1939 protomartiris
1527 1855 1642 2006 (gin
1694 1855 1903 1940 gradu
1956 1855 2361 1945 preiacenti]‚
2425 1863 2497 1922 ut
2555 1859 2693 1942 ipse

442 1949 635 2008 antea
651 1943 1168 2028 premonstravit,
1196 1962 1323 2007 non
1340 1942 1524 2007 iacen

441 2050 709 2113 sperans
745 2051 814 2096 se
845 2027 1104 2114 patroni
1137 2027 1374 2093 suimet
1408 2028 1867 2094 intercessione
1892 2035 2121 2096 sancta
2154 2035 2218 2096 et
2243 2030 2691 2096 benediccione

445 2115 831 2182 sacerdotali
874 2114 1334 2198 perpetualiter
1378 2115 1663 2199 muniri.]

614 2220 714 2285 23.
763 2216 922 2304 (13.)
984 2216 1032 2302 [⁴¹
1045 2215 1335 2295 Qualiter
1374 2216 1735 2282 misericors
1777 2218 1945 2283 Deus
1981 2218 2343 2303 predictum
2378 2241 2589 2304 regem
2626 2220 2691 2284 in

136 2321 417 2372 sutem-1,
445 2305 670 2371 diebus
714 2306 849 2370 suis
892 2304 1265 2388 respexerit,
1318 2304 1613 2386 quamvis
1657 2302 1735 2368 de
1781 2304 1995 2370 Pierio
2025 2303 2208 2390 fonte
2252 2306 2345 2371 nil
2388 2328 2695 2390 umquam

176 2374 315 2425 ‘pm'
337 2375 376 2414 ⁰·
441 2391 732 2470 biberim,
779 2391 1026 2456 cunctis
1099 2387 1341 2477 tamen]
1388 2387 1687 2454 fidelibus
1731 2390 2146 2457 innotescam.
2235 2392 2386 2457 Fuit
2428 2393 2495 2457 in
2529 2395 2689 2458 occi-

443 2479 586 2545 duis
625 2477 915 2562 partibus
949 2477 1061 2561 qui
1110 2497 1213 2543 am
1249 2496 1383 2558 reX,
1419 2474 1536 2541 ab⁰
1572 2476 1801 2541 incolis
1831 2475 1984 2542 Karl
2014 2475 2143 2556 Sot,
2179 2477 2244 2543 id
2273 2484 2372 2544 est
2397 2479 2691 2560 stolidus,

135 2582 253 2623 wm.
282 2582 318 2631 1.
348 2582 413 2621 ³0·
443 2567 682 2631 ironice
718 2562 1062 2641 dictus⁰·³,
1107 2562 1220 2647 qui
1255 2562 1337 2627 ab
1375 2583 1503 2627 uno
1540 2564 1775 2629 suimet
1805 2562 2085 2627 ducum⁴
2125 2569 2369 2649 captus,
2414 2565 2695 2631 tenebris

194 2660 358 2727 (923).
439 2650 792 2717 includitur
843 2649 1294 2715 carceralibus,
1401 2648 1524 2714 Hic
1575 2649 1864 2714 Heinrici
1920 2649 2090 2733 regis
2150 2653 2382 2730 nostri,
2444 2654 2695 2737 nepotis

441 2743 656 2803 autem
703 2738 874 2815 sui⁵,
926 2736 1256 2821 inplorans
1301 2734 1656 2800 auxilium‘¹
1677 2784 1692 2814 ,
1751 2735 2078 2801 dexteram
2126 2735 2365 2801 Christi
2411 2738 2695 2803 martiris

135 2840 413 2891 wid·1‚⁸³·
444 2823 719 2889 Dionisii
785 2829 852 2887 et
907 2843 1053 2887 cum
1111 2842 1189 2887 ea
1247 2842 1434 2887 omne
1496 2842 1761 2905 regnum
1817 2821 2299 2903 Luthariorum,
2370 2824 2426 2888 si
2480 2823 2562 2889 ab
2616 2845 2692 2890 eo

440 2909 844 2988 liberaretur,
881 2907 1006 2973 sibi
1039 2907 1432 2973 traditurum
1469 2909 1891 2973 sacramentis
1924 2909 2233 2993 promisit.
2323 2909 2457 2975 Nec
2491 2931 2689 2991 mora,

439 2996 700 3062 inclitus
735 2995 917 3060 miles
953 2993 1391 3059 invictricibus
1428 3015 1494 3058 se
1529 2994 1730 3060 armis
1767 2994 2286 3079 circumcingens,
2331 2998 2693 3079 proximum

440 3082 842 3157 laborantem
876 3082 1113 3160 visitat,
1153 3085 1216 3145 et
1251 3080 1317 3144 in
1355 3080 1687 3164 erepcione
1723 3081 1862 3146 eius
1898 3102 1975 3146 ac
2010 3081 2424 3147 restitucione
2447 3081 2693 3167 ¹dignus

441 3174 741 3252 operator
791 3166 1146 3232 mercedem
1199 3187 1380 3231 suam
1431 3167 1812 3251 promeruit,
1871 3174 1936 3233 et
1989 3166 2295 3233 honorem
2345 3168 2692 3253 pristinum

439 3254 562 3319 sibi
607 3256 866 3337 suisque
910 3252 1384 3318 successoribus
1430 3254 1497 3318 in
1541 3259 1794 3318 tantum
1838 3252 2108 3318 adauxit
2119 3251 2193 3339 ⁶.]

551 3409 607 3477 *³
644 3410 1603 3601 fflssffaqssssi'fevsslssltf‘e'no‘ss'Z‘ZZaeffa
1616 3410 2163 3547 .3“2me51⁹1111?0⁶‘ssng‘2
2194 3411 2687 3549 ῗῧῗῗέζῑῶῗᾞῖιῖξ

644 3563 800 3617 regni
836 3564 1006 3601 suune
1183 3587 1195 3600 .

439 3684 482 3735 a)
507 3696 536 3735 g
560 3686 664 3726 add.
700 3686 748 3725 T.
873 3685 919 3734 b)
945 3686 1108 3725 einrico
1133 3686 1182 3725 in
1207 3688 1296 3724 loco
1319 3696 1420 3725 raso
1445 3685 1550 3724 add.
1584 3686 1635 3725 Τ.
1758 3684 1798 3733 c)
1824 3684 1949 3725 verba
1977 3686 2031 3726 ab
2057 3686 2146 3725 inc.
2176 3706 2227 3713 —
2252 3684 2395 3725 dictus
2420 3686 2468 3725 in
2494 3686 2534 3724 1.
2566 3694 2689 3724 erana

437 3740 555 3839 (αὑιηέὶ
581 3738 774 3830 aegineta
792 3738 877 3776 tam
899 3737 1120 3787 funditus,
1160 3738 1279 3788 quin,
1321 3736 1429 3786 quia
1455 3738 1655 3785 seriptum
1693 3736 1845 3787 suerit,
1883 3741 2117 3787 comparato
2152 3738 2243 3778 cod.
2264 3739 2303 3781 2.
2328 3738 2517 3788 ωρπωοί
2534 3736 2684 3787 pouit.

440 3909 493 3975 1)
531 3910 752 3964 Annum
787 3910 953 3964 huius
989 3910 1176 3964 mortis
1205 3910 1546 3964 Hietmarus
1574 3925 1643 3963 ecc
1670 3909 1983 3965 Annalibus
2012 3911 2314 3977 Quedlinb„
2352 3918 2528 3967 cetera
2553 3911 2688 3967 data

435 3976 674 4044 sonasse
709 3995 737 4032 e
763 3978 1024 4033 Chronico
1053 3979 1325 4033 Halberst.
1353 3980 1601 4045 sumpsit,
1638 3978 1781 4033 diem
1808 3981 2152 4035 emortualem
2192 3981 2307 4035 sine
2334 3981 2497 4035 dubio
2524 3982 2688 4035 etiam

437 4047 498 4101 in
534 4049 749 4103 Necrol.
779 4048 1010 4102 Merseb.
1045 4048 1266 4112 invenit,
1300 4047 1460 4101 cuius
1487 4048 1677 4114 prima
1707 4063 1847 4114 pars
1874 4048 2096 4117 perdita
2130 4054 2237 4111 est5
2274 4048 2687 4117 Siqismundum

438 4132 492 4169 a.
527 4119 645 4173 924.
681 4124 951 4171 mortuum
978 4130 1093 4170 esse
1118 4115 1377 4184 probavit
1415 4114 1598 4171 Waitz
1618 4132 1676 4185 p.
1704 4118 1789 4173 75.
1926 4118 1981 4181 2)
2016 4117 2170 4171 Sedit
2194 4119 2355 4172 annis
2381 4120 2684 4185 924—968‚·

438 4185 510 4251 cf.
539 4188 626 4253 ΙΙ,
661 4188 743 4241 18.
881 4185 936 4252 3)
972 4184 1224 4240 Karalus
1257 4186 1379 4239 ΙΙΙ.
1415 4184 1660 4253 Simplex
1694 4186 2043 4241 occidentalis
2074 4187 2232 4254 requi
2261 4201 2358 4241 rem
2391 4186 2686 4243 893—923.

437 4254 492 4317 4)
531 4256 815 4309 floriberto
863 4254 1276 4309 Viromandensi
1307 4255 1522 4321 comite;
1583 4254 1798 4309 Widuk.
1826 4257 1864 4308 Ι
1862 4295 1878 4321 ‚
1922 4256 1992 4309 30
2022 4253 2177 4321 falso
2212 4256 2501 4323 Huqonem
2537 4256 2685 4311 dicit.

439 4318 522 4391 Cf.
565 4324 746 4380 Waitz
779 4340 832 4391 p.
860 4323 1082 4379 71—72.
1219 4323 1274 4389 5)
1309 4324 1400 4377 De
1435 4324 1906 4394 comanquinitate
1941 4322 2199 4377 Heinrici
2229 4329 2282 4378 et
2314 4324 2519 4380 Karoli
2551 4324 2689 4380 alibi

435 4393 578 4514 zmil
608 4393 864 4447 traditur.
911 4462 988 4517 ad
1003 4393 1058 4457 6)
1094 4392 1418 4447 Heius-icum
1454 4392 1667 4446 Karolo
1698 4407 1852 4459 opem
1888 4391 2077 4445 tulisse
2114 4392 2454 4448 ssietmams
2496 4394 2682 4451 Widu-

472 4462 594 4516 indi
624 4463 880 4517 relationi
988 4462 1126 4518 iecit.

1572 1963 1628 2021 o,
1657 1943 1771 2008 sed
1788 1963 1983 2026 supra
2002 1943 2375 2009 cathedram
2394 1942 2691 2019 sedendo,
2753 1977 2759 1981 ·

2720 2216 2742 2241 ⁸
2758 2217 2841 2265 sol.
2866 2218 2945 2269 10‘,

2744 2280 2857 2310 man.
2886 2272 2943 2312 E.
