3100 5050
178 1269 202 1293 *
229 1282 282 1319 p.
301 1272 394 1318 828.

127 2125 154 2146 *
179 2126 260 2172 fol.
283 2126 387 2165 129⁴.

150 2641 173 2663 ’⁸‘
202 2652 312 2683 man.
337 2643 385 2681 Τ.

159 2810 182 2834 *
209 2823 321 2853 man.
344 2813 388 2852 0.

942 334 1349 389 THIETMARI
1385 335 1647 391 CHRON.
1718 336 1857 390 LIB.
1893 337 2003 390 VII
2039 336 2175 402 (VI).
2591 340 2689 393 177

423 486 828 553 vehementer
889 485 1052 551 illud
1113 488 1464 552 ammirans
1535 493 1629 563 et,
1693 488 1974 571 qualiter
2043 510 2112 553 se
2182 510 2285 553 res
2354 488 2689 553 nobiscum

423 571 764 647 haberent,
819 572 1225 654 interrogans
1279 572 1587 651 eundem,
1648 594 1917 655 regnum
1970 582 2163 656 prout
2216 580 2555 640 curaretur
2606 576 2689 639 ab

425 678 520 735 ea,
569 658 866 723 celeriter
909 658 1219 723 remisit&
1880 678 1883 682 ’
2112 705 2124 717 -

597 744 696 809 15.
769 741 1122 825 Epitafium
1167 750 1384 807 autem
1431 742 1961 823 archiantistitis,
2014 764 2143 807 non
2187 744 2401 827 lapide
2448 744 2688 826 aliquo,

423 826 536 891 sed
581 829 847 892 memori
891 826 1084 892 corde
1128 828 1629 905 inscribendum,
1675 828 1893 907 lector,
1940 828 2202 892 exaudi!
2278 827 2688 895 Walterdusb

429 912 720 993 quamvis
779 914 1244 995 interpretetur
1303 919 1625 993 potestate
1687 912 1914 991 durus,
1988 934 2245 979 severus
2304 914 2372 978 in
2442 921 2686 996 apert0,

420 997 837 1062 mitissimuse
889 997 1018 1063 fuit
1071 998 1138 1061 in
1191 999 1461 1063 occulte.
1572 998 1649 1063 In
1704 999 1938 1063 timore
1998 1000 2298 1063 continuo
2354 1007 2419 1063 et
2470 1021 2687 1063 amore

419 1083 591 1147 iusto
629 1084 836 1146 Deum
882 1084 1140 1165 agnovit
1185 1090 1249 1149 et
1290 1085 1676 1166 proximum.
1771 1083 2213 1165 Fragilitatem
2250 1085 2463 1169 carnis
2500 1084 2687 1149 fietus

421 1167 856 1233 amaritudine
885 1168 1096 1233 crebri
1121 1175 1186 1233 et
1213 1168 1712 1235 elemosinarum
1736 1168 2035 1251 largitate
2063 1168 2377 1233 ineffabili
2404 1169 2685 1235 resolvit.

421 1252 754 1335 Utraquel
792 1253 896 1317 hic
932 1253 1178 1338 pollens
1213 1255 1450 1319 virtute
1485 1256 1623 1337 regi
1655 1260 1961 1336 acceptus
1998 1254 2373 1337 cunctisque
2415 1250 2685 1337 *prima—

421 1338 597 1402 tibus
633 1338 976 1404 admodum
1011 1339 1226 1403 extitit
1260 1340 1698 1419 honorandus,
1742 1360 1931 1422 quem
1970 1340 2185 1405 senior
2222 1340 2457 1403 suimet
2496 1339 2685 1406 bene-

421 1422 700 1487 dictione
743 1431 810 1487 et
855 1424 991 1489 solo
1035 1426 1292 1489 nomine
1335 1424 1752 1510 precellebat3
1798 1446 1983 1489 verus
2042 1430 2107 1489 et
2159 1426 2563 1507 compaciens
2609 1446 2687 1489 ac

420 1508 734 1573 aeclesiae
771 1510 1005 1575 suimet
1039 1509 1226 1575 fortis
1262 1518 1705 1593 propugnator
1742 1517 1898 1574 erat.
1978 1510 2129 1574 Sine
2164 1511 2337 1576 omni
2372 1510 2685 1579 iactantia

422 1594 769 1659 convicinis
812 1595 1090 1678 plurima
1133 1596 1470 1677 impendit;
1519 1595 1631 1660 ille
1678 1595 1849 1660 solus
1896 1594 2021 1661 sibi
2064 1594 2393 1664 suffecisse
2438 1597 2685 1659 cunctis

422 1680 718 1747 innotuit.
807 1680 1041 1745 Audivi
1085 1682 1358 1745 eundem
1400 1680 1677 1745 multum
1711 1681 1945 1759 iurare,
1992 1680 2165 1763 quod
2200 1701 2326 1744 non
2366 1680 2447 1745 ob
2483 1679 2685 1744 ambi-

421 1765 691 1844 cionem,
728 1764 842 1829 sed
877 1765 1236 1830 laborantis
1273 1766 1626 1831 aecclesiae
1659 1773 1722 1831 et
1750 1786 1911 1847 pene
1948 1765 2303 1831 deficientis
2330 1765 2684 1830 utilitatem

419 1850 588 1914 hunc
633 1857 962 1934 expeteret
1006 1851 1332 1917 honorem.
1420 1851 1522 1923 Ad
1568 1851 1687 1917 hoc
1732 1872 1801 1916 se
1852 1850 2018 1915 dixit
2062 1852 2450 1917 immeritum
2496 1858 2561 1915 et
2593 1844 2685 1915 ibi

418 1935 578 2000 duos
624 1956 766 1999 esse
809 1935 1186 2015 confratreS,
1235 1956 1398 2018 quos
1441 1936 1721 2003 libenter
1755 1936 2033 2019 eligeret,
2081 1938 2136 2001 si
2172 1937 2295 2000 hoc
2328 1936 2458 2000 ullo
2494 1936 2681 2001 modo

415 2019 556 2085 fieri
600 2042 788 2104 posse
834 2027 1144 2101 speraret.
1233 2022 1443 2086 Iustus
1476 2032 1532 2086 et
1574 2032 1763 2085 tesam
1804 2023 2116 2107 propositi
2158 2022 2393 2085 suimet
2426 2022 2527 2085 vir
2560 2022 2687 2086 iste

419 2106 560 2170 fuit.
653 2104 941 2169 Laudari
987 2126 1054 2170 se
1099 2127 1228 2171 non
1277 2106 1659 2190 *appetebat
1714 2106 1796 2177 ab
1843 2107 1991 2171 aliis
2037 2128 2151 2174 nec
2196 2106 2345 2171 aliis
2390 2107 2527 2191 ipse
2573 2107 2682 2170 de-

417 2190 734 2255 trahebat.
856 2191 957 2255 Ex
1017 2192 1474 2257 nobilis-simisd
1535 2191 1869 2257 natalibus
1939 2192 2380 2275 genealogiam
2440 2192 2683 2255 ducens

417 2282 746 2359 acceptam
773 2276 1235 2359 ingenuitatem
1259 2278 1628 2343 nullatenus
1646 2276 2079 2342 inhonestavit
2089 2288 2133 2355 ⁶,
2164 2275 2277 2341 sed
2297 2277 2681 2360 provectiori

417 2361 736 2427 industria
791 2362 1142 2428 decoravit.
1249 2364 1408 2427 Erat
1465 2363 1750 2427 eiusdem
1814 2368 2003 2443 pater
2059 2362 2195 2445 Erp
2258 2362 2495 2439 senior,
2548 2362 2681 2425 vita

415 2446 733 2525 laudibili,
779 2468 969 2512 carus
1006 2448 1254 2512 eunctis
1293 2449 1528 2513 suimet
1564 2447 2173 2530 contemporalibus;
2222 2453 2428 2511 mater
2461 2454 2677 2511 autem

416 2534 554 2598 eius
606 2535 918 2599 Amulred
971 2536 1254 2612 nomine,
1323 2531 1534 2620 [quae]
1590 2535 1891 2599 castitate
1944 2536 2055 2615 pia
2112 2537 2177 2599 et
2238 2553 2428 2616 opere
2492 2533 2679 2599 herili

415 2621 583 2684 inter
617 2620 780 2684 alias
816 2620 1074 2684 lucebat
1109 2627 1458 2686 matronas,
1529 2619 1741 2682 *Haec
1778 2638 1928 2681 vero
1966 2620 2198 2696 omnia,
2236 2639 2677 2702 quaecumque

414 2705 627 2786 potuit
670 2705 856 2784 bona,
900 2727 1018 2788 pro
1063 2706 1352 2770 eiusdem
1395 2705 1706 2769 memoria
1750 2703 2094 2786 diligenter
2136 2703 2449 2786 inpendit.

592 2791 690 2854 16.
755 2789 1135 2855 *Predicto2
1169 2797 1386 2854 autem
1413 2789 1747 2854 Walterdo
1784 2790 1850 2852 in
1886 2789 2129 2852 somnis
2168 2787 2401 2876 [prius]
2432 2787 2677 2854 dictum

416 2881 533 2952 est,
579 2875 751 2955 quod
795 2876 1422 2958 archiepiscopatum·
1456 2874 2116 2956 Magadaburgensem
2162 2875 2457 2955 accipere
2493 2880 2559 2938 et
2592 2874 2677 2936 ad

417 3027 462 3076 a)
489 3037 556 3066 ea.
610 3027 825 3066 celeriter.
870 3029 1043 3068 remisit
1069 3031 1107 3068 1.
1207 3027 1256 3079 b)
1284 3030 1329 3068 in
1347 3031 1386 3076 2,
1413 3041 1521 3078 quac
1546 3031 1791 3078 sequuntur,
1816 3029 1937 3068 valde
1964 3031 2123 3066 mutata
2148 3029 2210 3066 ita
2236 3029 2430 3078 reguntur
2456 3029 2579 3074 (Acta
2599 3027 2673 3066 SS.

417 3080 520 3118 Iuni
544 3080 582 3128 1,
601 3091 651 3127 p.
672 3081 802 3128 92672
848 3079 1144 3126 Walthardus‚
1181 3082 1380 3128 quamvis
1417 3083 1607 3130 potestas
1644 3081 1755 3118 dura
1788 3081 2113 3129 interpretatur,
2138 3101 2190 3108 —
2226 3088 2411 3128 severus
2437 3075 2483 3116 in
2510 3082 2673 3128 aperto,

417 3131 678 3168 mitissimus
703 3130 749 3168 ln
778 3131 946 3170 occulto
975 3131 1258 3170 sentiebatur.
1279 3152 1330 3158 —-
1348 3132 1488 3170 Homo
1518 3132 1608 3170 fuit
1633 3132 1873 3181 timoratus,
1890 3152 1942 3158 —
1960 3131 2071 3170 bene
2090 3131 2399 3178 morigeratum
2424 3150 2475 3158 —
2502 3129 2679 3178 gemina

417 3180 610 3230 pollebat
635 3181 877 3231 dilectione,
896 3203 946 3210 -
965 3187 1136 3220 summa
1163 3182 1346 3221 florebat
1369 3184 1599 3230 religione.
1626 3203 1679 3211 —
1707 3182 1937 3222 creberin
1955 3181 2123 3230 vigiliis
2143 3202 2193 3213 -
2210 3182 2363 3220 orabat
2375 3181 2425 3219 in
2442 3181 2673 3230 lacrymis3

415 3253 466 3262 -
491 3234 643 3282 largus
667 3231 982 3272 elemosinis-—
999 3243 1126 3281 opem
1150 3233 1321 3272 ferebat
1345 3235 1538 3274 miseris.
1566 3255 1618 3264 -
1643 3234 1744 3274 Hiis
1772 3234 2009 3275 honoratus
2038 3234 2279 3274 virtutibus
2296 3253 2347 3261 —
2365 3233 2459 3280 regi
2476 3233 2677 3282 placebat

415 3289 459 3323 et
482 3285 764 3332 primatibus;
805 3305 855 3313 —
896 3283 952 3324 ab
979 3284 1064 3323 hoc
1091 3285 1330 3334 amabatur,
1369 3306 1421 3312 —
1461 3285 1516 3324 ab
1543 3285 1637 3324 illis
1662 3285 1967 3326 venerabatur.
2006 3305 2058 3313 —
2099 3285 2233 3324 Hunc
2259 3295 2366 3323 suus
2391 3285 2677 3332 predecessor

413 3335 720 3375 benedictione
753 3355 806 3364 --
841 3339 886 3374 et
920 3336 1012 3375 solo
1049 3336 1317 3386 precellebat
1350 3337 1542 3376 nomine.
1573 3357 1621 3366 -
1657 3333 1861 3376 Ecclesie
1888 3346 1968 3376 sue
1994 3338 2041 3376 in
2076 3337 2284 3374 omnibus
2308 3354 2362 3364 -·
2385 3340 2678 3384 propugnator

415 3391 510 3426 erat
533 3386 814 3426 fortissimus.
843 3408 894 3416 -
921 3387 1027 3427 Sine
1053 3389 1172 3426 omni
1199 3389 1411 3426 iactantia
1439 3408 1487 3416 —
1514 3388 1677 3426 vicinis
1704 3389 1799 3426 suis
1824 3387 2037 3436 impendit
2062 3389 2265 3436 plurima.
2294 3408 2344 3416 -
2371 3387 2443 3426 He
2468 3388 2675 3426 audiente

415 3440 579 3478 iuravit
594 3458 646 3466 —
665 3442 708 3477 et
731 3449 807 3486 pro
837 3449 940 3477 vero
965 3437 1219 3487 affirmavit,
1244 3457 1286 3466 —
1304 3439 1418 3488 quod
1445 3449 1530 3476 non
1558 3449 1637 3486 per
1662 3439 1946 3478 ambitionem
1964 3459 2016 3468 -
2034 3439 2153 3478 huuc
2178 3439 2418 3487 expetisset
2441 3438 2675 3488 honorem

414 3511 465 3518 -—
484 3489 562 3529 sed
579 3490 633 3530 ob
653 3490 890 3529 utilitatem
910 3491 1098 3530 ecclesie
1115 3491 1356 3530 laborantis
1374 3511 1426 3519 —
1454 3493 1498 3530 et
1523 3491 1611 3529 iam
1638 3501 1749 3540 pene
1776 3489 2030 3531 deficientis.
2064 3511 2115 3519 —-
2140 3490 2286 3538 ‘Scio',
2313 3489 2440 3538 dixit,
2465 3489 2548 3528 ‘me
2575 3500 2675 3530 esse

415 3541 684 3580 immeritum
703 3562 750 3570 —
772 3541 856 3580 hoc
883 3542 1109 3590 suscipere
1137 3541 1344 3580 officium.
1366 3562 1417 3570 -
1436 3541 1551 3581 Sunt
1575 3543 1624 3580 hi
1650 3541 1737 3580 duo
1763 3540 1935 3590 fratres,
1961 3550 2070 3590 quos
2090 3542 2281 3580 libenter
2298 3541 2547 3590 elegissem,
2564 3561 2616 3570 —-
2634 3543 2675 3580 si

415 3595 485 3632 sic
511 3594 604 3632 ullo
639 3593 765 3631 modo
792 3592 888 3632 fieri
921 3595 1118 3641 potuisse
1146 3593 1362 3633 scissem'.
1390 3613 1442 3621 —
1476 3593 1631 3632 Iustus
1658 3597 1703 3632 et
1728 3595 1860 3632 tenax
1887 3593 2097 3641 propositi
2123 3613 2175 3622 —-
2209 3593 2279 3631 vir
2302 3593 2387 3632 iste
2414 3592 2500 3633 fult
2519 3593 2603 3635 sui.
2624 3614 2674 3620 —-

413 3643 606 3684 Laudari
633 3654 682 3684 se
709 3645 763 3684 ab
793 3644 894 3682 aliis
921 3655 1009 3684 non
1035 3645 1270 3693 appetebat
1297 3666 1344 3672 —
1385 3654 1466 3684 nec
1493 3645 1597 3682 aliis
1622 3645 1719 3693 ipse
1748 3644 2019 3684 detrahebat.
2047 3663 2097 3672 —
2126 3643 2439 3690 Genealogiam
2467 3643 2591 3683 duxit
2617 3654 2674 3682 ex

415 3696 706 3735 nobilissimis
740 3695 980 3744 natalibus,
1013 3715 1064 3725 —
1101 3705 1230 3744 quam
1267 3695 1504 3735 extollebat
1533 3695 1663 3734 bonis
1692 3696 1901 3735 moribus.
1939 3715 1990 3723 —
2028 3695 2139 3734 Eius
2167 3698 2293 3743 pater
2316 3695 2407 3742 Erp
2435 3695 2674 3742 dicebatur,

413 3767 465 3776 —·
499 3749 576 3795 qui
612 3749 706 3786 vita
739 3747 955 3786 laudabili
989 3747 1286 3797 decorabatur,
1311 3767 1363 3775 —
1397 3757 1528 3786 carus
1558 3747 1761 3786 omnibus
1790 3767 1841 3776 -
1876 3747 1974 3785 suis
2002 3745 2417 3795 contemporalibus.
2448 3767 2497 3774 -—
2532 3747 2673 3788 Mater

413 3797 511 3837 eius
547 3798 801 3838 Amuli-adis
837 3799 1034 3848 nomine,
1069 3819 1119 3826 -
1165 3802 1210 3838 et
1243 3800 1447 3838 castitate
1481 3798 1644 3840 florens
1683 3800 1727 3837 et
1758 3797 1874 3836 bono
1911 3807 2055 3846 opere,
2090 3817 2143 3828 -
2176 3799 2293 3837 bona
2329 3796 2446 3836 fama
2482 3797 2594 3836 alias
2622 3818 2672 3825 —-

413 3851 583 3898 preibat
608 3854 844 3889 matronas.
935 3848 978 3900 c)
1003 3849 1282 3888 mittissimus
1309 3852 1360 3889 Ρ.
1463 3848 1510 3900 d)
1535 3849 1771 3900 appetebat
1787 3869 1838 3877 —
1860 3848 2165 3898 nobilissimis,
2194 3847 2359 3888 abscisa
2384 3850 2432 3887 in
2459 3851 2482 3886 1
2510 3851 2673 3897 supple-

413 3903 548 3940 vimus
573 3913 624 3940 επ
650 3904 690 3950 2,
717 3901 791 3941 ubi
815 3901 918 3940 haec
944 3901 1005 3940 ita
1033 3903 1252 3952 leyuntur:
1281 3902 1337 3940 ab
1364 3899 1466 3940 aliis
1495 3909 1583 3940 non
1608 3901 1840 3948 appetebat
1863 3911 1911 3940 0.
1938 3910 1979 3943 a.
2001 3900 2031 3940 i.
2062 3900 2104 3940 d.
2130 3898 2441 3948 Genealogiam
2468 3899 2593 3938 duxit
2619 3910 2672 3939 ex

413 3964 458 3992 n.
485 3961 547 4003 0.,
575 3961 707 4002 quam
732 3952 974 3993 extollebat
996 3953 1125 3992 bonis
1153 3952 1362 3992 moribus.
1471 3954 1518 4002 e)
1543 3952 1649 3991 lnho
1676 3951 1843 3992 abscisa
1869 3954 1971 3990 sunt
1996 3954 2034 3990 1.

413 4055 467 4122 1)
509 4057 572 4112 V.
607 4074 782 4126 supra
817 4057 868 4118 Ι,
905 4058 953 4110 2.
1101 4054 1154 4121 2)
1211 4056 1362 4118 Quae
1396 4061 1715 4122 sequuntur,
1752 4071 2082 4126 quamquam
2118 4055 2194 4107 ad
2228 4053 2454 4108 eundem
2504 4053 2672 4110 Walt-

413 4125 648 4178 hardum
685 4131 948 4192 spectant,
985 4129 1168 4179 tamen
1203 4125 1368 4178 multo
1396 4125 1695 4190 posteriore
1728 4129 1962 4190 tempore
1998 4123 2206 4190 scripta
2240 4130 2383 4177 sunt.
2452 4121 2585 4190 Cap.
2604 4123 2671 4176 22

415 4192 573 4258 enim,
609 4196 668 4248 in
703 4211 808 4264 quo
843 4201 1024 4249 noster
1057 4193 1170 4246 iam
1197 4192 1512 4246 Annalibus
1541 4191 2133 4259 Quodlinbwqensibus
2158 4207 2297 4244 usus
2323 4197 2417 4253 est,
2453 4197 2674 4260 propter

414 4259 476 4313 id
506 4261 688 4328 ipsum
733 4269 860 4318 ante
905 4281 955 4318 a.
995 4263 1131 4316 1016
1175 4261 1439 4328 scriptum
1485 4275 1601 4313 esse
1642 4275 1753 4314 non
1793 4265 1997 4329 potest5
2044 4277 2087 4314 c.
2118 4261 2339 4314 16-22
2384 4266 2564 4314 autem
2600 4261 2669 4314 ab

415 4329 596 4383 eodem
631 4331 856 4386 librario
893 4331 941 4385 Ο
968 4347 1080 4384 uno
1113 4328 1244 4392 fere,
1281 4335 1343 4383 ut
1377 4327 1606 4391 videtur,
1644 4331 1824 4382 tenore
1860 4334 2091 4382 canaram
2125 4333 2268 4382 sunt.

2260 4431 2328 4485 12

2727 502 2878 575 1012,

2715 2018 2865 2057 Horat.
2877 2016 2961 2057 Od.

2734 2067 2815 2119 111,
2840 2070 2880 2119 3,
2908 2074 2946 2110 1.
