3100 5050
389 320 458 374 56
989 320 1394 378 ΤΗΙΕΤΜΑΒΙ
1431 323 1621 379 CHRO
1633 325 1699 380 N.
1771 325 1908 380 LIB.
1945 321 2047 380 III.

236 483 354 538 981.
389 473 630 540 laboris
683 473 930 559 premia
987 477 1385 558 postulans⁸,
1451 479 1588 544 Deo
1646 478 1769 544 hoc
1825 479 2287 558 consentiente,
2350 480 2641 562 protinus

390 562 716 644 impetrat.
804 559 1120 644 Egressus
1167 571 1381 630 autem
1433 565 1871 648 interrogatur
1904 586 1945 629 a
1978 565 2223 630 nuntiis
2266 571 2331 630 et
2365 567 2641 632 maxime

391 647 474 713 ab
530 645 861 728 OhtericO,
925 647 1037 731 qui
1088 667 1155 712 se
1208 648 1359 715 fidei
1411 651 1646 716 suimet
1705 650 1973 716 firmiter
2027 651 2520 730 commendavit,
2586 653 2643 716 si

390 731 548 818 quid
590 733 658 796 in
703 731 828 796 sibi
872 733 1134 799 creditis
1177 735 1537 818 proficeret,
1598 737 1770 821 quod
1813 738 1919 801 vix
1964 737 2095 802 suis
2149 737 2637 804 necessitatibus

391 821 457 884 in
494 819 614 884 hoc
651 818 1038 899 subveniret,
1074 821 1421 906 respondit.
1495 821 1833 908 Corruptis
1870 830 2005 888 tum
2038 825 2311 908 pecunia
2348 819 2637 910 [cunctis]

390 904 774 990 primatibus
817 906 1222 992 maximeque
1265 908 1594 988 Romanis,
1653 908 1886 993 quibus
1932 917 2163 974 cuncta
2203 915 2354 975 sunt
2391 929 2639 992 semper

391 990 661 1071 venalia,
699 991 1038 1072 iudicibus,
1076 993 1354 1077 qualiter
1381 994 1464 1058 ad
1492 995 2110 1079 archiepiscopatum
2140 995 2359 1081 aliqua
2384 995 2638 1061 racione
3052 1035 3085 1074 s

392 1078 662 1156 veniret,
724 1078 1003 1162 primum
1057 1087 1302 1146 secreto
1355 1079 1696 1166 *revolvits
1740 1079 2097 1165 deindeque
2152 1083 2369 1166 palam
2422 1079 2640 1146 domni
2666 1098 2790 1149 *sol-
2809 1100 2879 1138 41·

392 1183 595 1249 papae
631 1163 959 1228 Benedicti
1004 1165 1256 1250 septimi
1275 1165 1319 1246 ¹,
1410 1167 1514 1230 uib
1562 1168 1654 1232 sic
1686 1166 2037 1233 vocabatur
2080 1188 2159 1232 ex
2201 1188 2462 1233 numero
2496 1187 2639 1250 pre-

392 1249 750 1315 cedentium
804 1251 1279 1334 equivocorum,
1340 1273 1376 1316 o
1425 1253 1573 1317 nixe
1623 1253 1785 1337 petit
1842 1253 2183 1334 auxilium,
2242 1251 2437 1339 quod,
2496 1273 2641 1316 cum

391 1336 592 1400 totius
636 1335 906 1401 consilio
951 1345 1215 1403 senatus
1259 1339 1315 1403 si
1357 1345 1577 1424 posset
1619 1338 1927 1425 impendi,
1984 1361 2061 1404 ex
2114 1361 2231 1404 sua
2281 1345 2465 1425 parte
2520 1337 2640 1403 sibi

391 1428 694 1508 paratum
737 1421 877 1486 fore
922 1429 990 1487 et
1034 1422 1138 1490 hic
1181 1425 1494 1508 promisit.

132 1545 240 1596 '1¹⁸3-
271 1546 368 1586 ehr-
571 1534 667 1599 14.
726 1534 1015 1600 Positum
1061 1541 1159 1602 est
1202 1537 1444 1602 Romae
1491 1536 1833 1604 concilium
1885 1535 2180 1620 generale
2196 1534 2248 1616 2;
2305 1537 2643 1621 sapientis-

83 1683 122 1721 Β
149 1612 290 1666 (⁸⁰P‘·
310 1615 368 1666 ⁹)·
397 1621 541 1685 simi
595 1621 1002 1701 conveniunt,
1055 1621 1480 1707 impleturque
1533 1621 1647 1687 illa
1699 1621 2010 1687 Ieremiae
2060 1623 2424 1707 prophetia:
2486 1620 2644 1695 Quo·

123 1684 367 1733 ⁸m⁰”‘'⁴⁵²‘
395 1707 576 1772 modo
638 1707 1024 1772 obscuratum
1083 1719 1170 1773 est
1229 1731 1483 1790 aurum,
1543 1719 1811 1774 mutatus
1862 1718 1950 1772 est
2008 1707 2173 1774 color
2224 1710 2519 1794 optimus,
2581 1715 2646 1773 et

394 1797 664 1860 caetera.
776 1791 942 1857 Nam
1009 1814 1156 1859 cum
1216 1794 1458 1860 iudices
1520 1794 1603 1859 ab
1663 1793 2012 1878 apostolico
2073 1795 2642 1876 interrogarentur,

394 1880 448 1944 si
509 1878 734 1944 liceret
794 1879 1162 1946 Gisillerum
1222 1883 1585 1966 promoveri
1642 1881 1727 1945 ad
1783 1880 2429 1965 archiepiscopatum,
2492 1878 2645 1963 quia

395 1971 637 2030 certam
681 1987 806 2029 non
850 1964 1117 2031 haberet
1160 1973 1315 2032 tunc
1359 1966 1595 2044 sedem,
1648 1966 1759 2031 sed
1804 1966 1887 2031 ab
1934 1968 2227 2051 episcopo
2270 1965 2523 2045 iniuste,
2572 1971 2647 2029 ut

395 2071 644 2134 semper
687 2051 774 2116 sit
817 2059 1110 2135 questus,
1165 2051 1454 2118 ablatam
1498 2051 1919 2132 Hildiwardo,
1980 2054 2293 2118 caruisset
2336 2051 2645 2117 hactenus

394 2157 589 2221 quam
649 2137 1038 2220 possiderat:
1101 2143 1256 2203 tunc
1316 2138 1440 2203 hoc
1501 2138 1886 2204 auctoritate
1947 2139 2258 2204 canonica
2316 2137 2646 2222 percipere

393 2225 533 2288 iure
602 2224 961 2308 meritoque
1031 2223 1242 2289 verbis
1311 2224 1725 2290 affirmabant
1793 2231 1857 2289 et
1934 2224 2268 2308 exemplis,
2349 2225 2647 2288 Davitica

87 2309 937 2460 Pmm.5⁷,2.tfia1(1isgredientes
996 2310 1267 2376 monita:
1313 2311 1532 2376 'Recte
1601 2311 1903 2390 iudicate,
1955 2309 2096 2396 filii
2162 2311 2513 2392 hominum,·
2583 2314 2649 2374 et

395 2419 415 2460 l
469 2418 510 2460 u
569 2417 582 2460 :

86 2481 381 2583 ngr-2531&
775 2481 1113 2569 Corruptus
1155 2483 1346 2549 iudea:
1387 2484 1615 2571 nequid
1657 2483 2003 2548 discernere
2044 2505 2270 2547 verum.

391 2586 650 2665 Lector,
711 2585 900 2652 crede
952 2585 1141 2665 mihi,
1206 2585 1377 2669 quod
1427 2588 1605 2672 piget
1656 2594 1850 2670 atque
1901 2584 2101 2668 pudet
2154 2606 2255 2651 me
2309 2585 2410 2651 his
2462 2585 2649 2669 longe
3082 2660 3084 2666 ¹

393 2672 765 2737 inferiorem
816 2672 942 2737 hoc
992 2672 1201 2737 verbis
1257 2693 1607 2757 exponere,
1662 2672 1835 2757 quod
1889 2671 1980 2735 hii
2034 2670 2115 2737 ob
2166 2678 2529 2755 presentem
2572 2692 2651 2737 ac
3076 2676 3085 2723 ¹

393 2758 684 2823 futurum
719 2757 1025 2842 pudorem
1065 2757 1411 2824 noluerunt
1445 2759 1759 2825 omittere.
1824 2756 2213 2841 Merseburg,
2251 2778 2417 2842 quae
2444 2778 2646 2842 usque

394 2844 554 2910 *huc
591 2842 980 2910 liberaliter0
1019 2843 1496 2929 dominabatur,
1542 2844 1892 2911 aecclesiae
1930 2842 2452 2923 Halverstidensi,
2497 2844 2647 2908 sede
2674 2853 2697 2877 *
2716 2852 2900 2903 sol-412

395 2930 746 3016 episcopali
807 2929 1162 3009 destructa,
1237 2930 1564 3010 subditur,
1628 2936 1691 2996 et
1752 2928 2115 3008 GisilleruS,
2180 2928 2464 2997 eiusdem
2524 2951 2650 2995 non

392 3022 616 3101 pastor
661 3016 776 3082 sed
818 3016 1282 3096 mercenarius,
1337 3017 1420 3082 ad
1464 3016 1715 3082 maiora
1758 3036 2007 3101 semper
2049 3014 2346 3095 tendens,
2402 3014 2651 3081 deside-

163 3125 281 3177 Sept.
304 3129 368 3169 10.
394 3108 543 3168 rata
565 3102 744 3171 .IIII.
790 3101 884 3169 Id.
934 3102 1284 3185 Septembr.
1332 3103 1621 3185 percepit
1632 3102 1679 3182 3,
1723 3101 2046 3188 proverbii
2098 3122 2227 3167 non
2279 3121 2525 3166 memor
2576 3101 2650 3167 il-

87 3212 218 3252 Prov.
240 3214 302 3265 ιε,
327 3214 366 3253 ε.
397 3188 551 3253 lius:
617 3187 861 3264 Quanto
903 3189 1108 3254 alcior
1147 3190 1407 3275 yradus,
1455 3199 1627 3253 tanto
1668 3190 1928 3275 yravior
1967 3188 2037 3267 fi't
2080 3211 2275 3256 casua.
2364 3187 2551 3253 Certe
2596 3188 2650 3253 si

390 3274 695 3341 voluisset
728 3276 784 3339 is
819 3276 887 3339 in
925 3295 1082 3340 cura
1119 3274 1245 3340 sibi
1280 3274 1528 3341 credita
1572 3276 1933 3360 persistere,
1982 3295 2233 3339 omnem
2278 3273 2649 3359 scrupulum

393 3362 460 3425 in
514 3360 732 3445 aliquo
789 3360 912 3425 sibi
965 3381 1272 3445 umquam
1319 3361 1740 3427 obsistentem
1789 3360 2201 3444 imperatoris
2246 3360 2490 3425 auxilio
2536 3379 2649 3443 po-

392 3448 624 3514 tuisset
663 3446 979 3530 expellere
1015 3468 1438 3531 magnamque
1467 3448 1875 3512 securitatem
1907 3467 1983 3511 ac
2009 3467 2224 3511 rerum
2249 3444 2651 3511 affluentiam

393 3539 771 3600 cunctarum
817 3533 941 3598 sibi
986 3535 1248 3616 suisque
1291 3533 1769 3599 successoribus
1815 3530 2089 3597 efficere.
2180 3530 2306 3598 Sed
2342 3533 2496 3615 quia
2532 3532 2651 3597 Dei

390 3618 640 3685 iudicia
679 3624 829 3685 sunt
862 3618 1230 3687 hominibus
1265 3619 1536 3699 occulta,
1583 3640 1929 3703 numquam
1970 3624 2185 3683 autem
2221 3618 2480 3699 iniusta,
2525 3639 2651 3683 non

391 3705 544 3771 illo‘¹
591 3706 816 3783 solum,
862 3704 978 3769 sed
1022 3706 1468 3771 communibus
1513 3706 1855 3771 nostrimet
1895 3706 2123 3787 inputo
2167 3705 2467 3789 peccatiS,
2513 3705 2655 3789 qui-

391 3792 530 3872 bus,
577 3792 948 3858 domesticis
992 3791 1298 3876 quicquid
1343 3790 1596 3857 adversi
1642 3789 1895 3870 accidit,
1942 3791 2111 3856 iuste
2155 3788 2553 3858 asscribitur.

131 3926 240 3973 'rae-
269 3925 363 3965 ohr.
565 3907 664 3972 15.
721 3902 1022 3969 Ohtricus
1058 3923 1207 3968 vero
1237 3902 1669 3969 Beneventum
1702 3908 1931 3986 postea
1966 3902 2223 3967 veniens
2259 3901 2645 3968 infirmatur.

391 3989 778 4079 [confrater]
824 4010 1021 4071 mene,
1067 3990 1324 4055 nomine
1367 3988 1782 4067 Huswardus,
1830 3987 1925 4077 [ut
1969 3988 2127 4053 mihi
2168 3986 2433 4076 retulit,]
2476 3986 2651 4053 vidit

391 4127 436 4180 a)
461 4130 662 4179 postulas
688 4129 739 4179 A,
765 4140 871 4170 corr.
894 4130 944 4169 Τ.
1048 4129 1094 4179 b)
1119 4128 1222 4178 quia
1246 4128 1298 4169 A.
1405 4126 1447 4179 ο)
1471 4127 1613 4169 llbera
1635 4130 1676 4177 2,
1713 4128 1765 4169 A.
1787 4128 1832 4170 Β.
1861 4130 1891 4168 1.
1908 4132 1940 4170 1.
2046 4127 2093 4177 d)
2115 4127 2185 4166 1111
2222 4127 2267 4167 V.

395 4234 450 4300 1)
491 4234 600 4299 Qui
633 4234 775 4289 sedit
809 4232 1098 4289 974—983.
1238 4232 1294 4298 2)
1331 4232 1431 4289 981
1469 4230 1614 4301 Sept.
1645 4232 1703 4295 93
1739 4230 1811 4290 cf.
1843 4230 2006 4297 ΙαῙΪέ,
2043 4228 2315 4297 ‘Reyesta'
2354 4226 2425 4282 2Ι
2448 4246 2508 4298 p.
2536 4228 2655 4295 482,

391 4320 483 4357 nr.
510 4305 660 4359 3808.
799 4303 855 4367 3)
891 4303 990 4357 Ex
1019 4302 1324 4371 Tayinonis
1353 4302 1619 4369 chronico,
1656 4302 1751 4370 qui
1782 4301 1984 4354 bullam
2017 4297 2303 4353 Benedicti
2330 4298 2417 4353 VI
2415 4300 2452 4352 Ι
2483 4298 2546 4360 (I
2544 4294 2657 4364 affe

391 4370 464 4427 2Ι
487 4388 546 4441 p.
576 4372 702 4436 484,
741 4371 1001 4439 Schmidt,
1039 4370 1192 4427 ‘Urla
1231 4372 1283 4425 d.
1321 4370 1544 4427 Hochst.
1585 4370 1771 4425 Halm
1808 4371 1857 4432 I,
1894 4367 1953 4423 31
1958 4368 1988 4433 )
2022 4368 2236 4435 zeqerat.
