3100 5050
917 490 922 495 ·
1031 450 1436 507 THIETMARI
1472 449 1735 506 CHRON.
1805 450 1942 507 LIB.
1977 450 2043 508 V.
2573 457 2675 511 129

410 603 599 670 nibus
658 604 1009 669 celebravit
1065 604 1339 687 gaudiis.
1454 604 1613 668 Inde
1670 604 1999 688 profectus
2061 604 2145 668 ad
2201 603 2425 670 silvam
2475 604 2671 689 Speh-
2710 618 2862 672 1003.

410 688 667 755 teshart
714 694 1152 771 nuncupatam
1172 689 1195 734 1
1233 688 1518 754 laborem
1566 689 1995 773 expeditionis
2036 689 2326 754 delinivit
2353 691 2672 755 suavitate

173 793 196 817 *
212 798 296 847 soz.
315 796 382 837 es.
408 775 787 840 venationis.
904 774 927 797 *
949 772 1283 858 Completa
1344 772 1585 838 ibidem
1666 773 2027 838 autumnali
2085 774 2484 839 iocunditate
2560 794 2675 859 per

409 861 749 925 Franciam
796 859 1060 924 transiit
1101 859 1185 924 ad
1223 859 1590 936 Saxoniam,
1636 858 1929 923 indicens
1973 858 2101 923 hiis
2140 861 2433 942 proxima
2470 860 2673 925 hieme

409 966 594 1010 suam
648 945 732 1010 ad
793 944 1077 1009 Milzieni
1130 943 1621 1028 expeditionem.
1724 943 1879 1007 Post
1934 943 2093 1009 haec
2145 944 2359 1009 natale
2413 945 2673 1009 Domini
2701 963 2898 1003 nemas.

408 1029 477 1094 in
512 1029 790 1095 Palithi⁸
833 1049 1009 1093 more
1053 1030 1339 1113 priorum
1385 1027 1693 1093 divinitus
1738 1048 1815 1092 ac
1858 1027 2231 1093 humanitus
2260 1028 2673 1094 honorandob
3088 1031 3090 1095 1

487 1136 556 1179 re
606 1116 677 1179 it.
3088 1124 3090 1131 '

408 1136 483 1199 pe
561 1138 683 1265 ἕ39.
746 1197 908 1283 (24.)
995 1196 1238 1263 Deinde
1312 1197 1395 1262 ad
1452 1195 1838 1280 Thornburg
1860 1196 1890 1241 2
1959 1198 2216 1262 veniens
2286 1197 2671 1281 Willigisum
2711 1214 2862 1267 1004.

408 1283 914 1366 archipresulem
954 1303 1099 1347 cum
1133 1284 1410 1347 caeteris
1454 1281 1887 1347 familiaribus
1932 1282 2016 1348 ad
2054 1282 2460 1348 Gisinerum0
2496 1284 2673 1349 misit
2697 1304 2855 1354 ragin.
2884 1303 2984 1343 chr.

409 1367 1009 1452 archiepiscopum3
1075 1372 1229 1431 tunc
1282 1367 1474 1431 nimis
1535 1365 1887 1446 infirmum,
1964 1372 2040 1431 ut
2096 1387 2343 1433 memor
2394 1369 2673 1448 Domini,

454 1454 760 1537 uicquid‘1
803 1454 870 1517 in
922 1452 1250 1517 destructo
1296 1452 1836 1533 Mei-seburgiensi
1890 1454 2307 1534 episcopatuo
2358 1453 2673 1519 hactenus

454 1538 724 1622 eliquid,
797 1537 970 1602 hunc
1023 1536 1408 1601 resumendo
1465 1538 1904 1620 iniustamque
1974 1537 2189 1602 sedem
2251 1538 2673 1622 relinquendo

408 1625 476 1687 in
519 1623 764 1688 ultimis
811 1623 1036 1687 saltem
1084 1621 1425 1687 emendare
1469 1622 1798 1687 voluisset.
1888 1622 2121 1686 Hunc*
2163 1624 2374 1706 primo
2409 1629 2675 1707 propter

408 1708 930 1786 Herimannumf,
987 1728 1177 1789 quem
1231 1706 1357 1771 sibi
1400 1706 1573 1771 idem
1618 1727 1869 1790 semper
1913 1708 1979 1771 in
2024 1728 2221 1791 regno
2273 1729 2673 1792 summopere

406 1799 678 1860 conatur
719 1812 1094 1878 preponere,
1149 1790 1348 1856 odivit
1390 1799 1744 1875 posteaque
1793 1791 1948 1857 data
1992 1792 2144 1857 huic
2188 1794 2423 1859 suimet
2465 1793 2675 1877 gratia

404 1880 574 1943 inter
632 1878 1178 1943 familiarissimos
1239 1876 1498 1961 habuit3
1570 1878 2055 1959 commissisque
2116 1878 2177 1942 ei
2241 1878 2535 1943 omnibus
2605 1880 2673 1943 in

408 1963 694 2028 Saxonia
738 1963 974 2027 suimet
1014 1961 1521 2046 proprietatibus
1567 1961 1819 2025 fidelem
1877 1963 1943 2025 in
1989 1962 2117 2028 hiis
2162 1966 2482 2048 persensit
2525 1983 2673 2045 pro-

404 2049 709 2127 visorem,
773 2046 1004 2125 multa‚
1069 2066 1234 2132 quae
1297 2055 1450 2112 tunc
1513 2066 1671 2112 suae
1731 2046 2106 2112 arridebant
2158 2049 2497 2127 voluntati,
2561 2069 2674 2132 per

408 2132 683 2199 eundem
736 2131 1076 2215 complens
1176 2130 1459 2197 Tandem
1515 2132 1726 2196 zelum
1778 2133 1900 2197 Dei
1954 2133 2271 2215 ampliusss
2322 2132 2491 2198 ferre
2544 2154 2674 2198 non

408 2216 630 2282 valens
699 2216 984 2299 perfecto
1048 2216 1220 2280 hunc
1285 2223 1665 2300 persecutus
1730 2217 1881 2281 odio
1952 2218 2096 2297 hos,
2170 2219 2337 2283 sicut
2401 2217 2673 2301 predixi.

408 2304 668 2367 nuntios
722 2302 914 2367 misit.
1019 2298 1265 2376 Quibus
1317 2303 1422 2366 vix
1474 2302 1717 2367 talibus
1770 2302 2127 2386 respondit:
2192 2303 2462 2368 ‘Dentur
2514 2303 2673 2367 mihi

404 2387 604 2453 trium
657 2385 757 2452 vel
817 2392 1099 2468 quatuor
1159 2386 1458 2451 induciae
1533 2386 1786 2452 dierum
1855 2394 1920 2451 et
1988 2387 2146 2451 mihi
2206 2388 2401 2452 liceat
2462 2386 2669 2465 abire3

155 2488 378 2542 *s⁰1·93‘·
407 2472 642 2557 quibus
691 2472 1038 2538 transactis
1099 2472 1309 2538 *certa
1361 2470 1542 2537 vobis
1594 2470 1913 2537 referam.’
2018 2470 2153 2537 Hoc
2220 2471 2393 2557 apud
2456 2494 2671 2557 regem

403 2559 736 2643 inpetrans
781 2563 846 2622 et
889 2560 958 2622 in
1002 2578 1224 2636 curra,
1284 2563 1356 2621 ut
1400 2556 1513 2622 diu
1556 2562 1710 2621 tunc
1756 2556 2033 2635 solebat,
2094 2558 2315 2624 exiens
2362 2557 2447 2622 ad
2491 2559 2670 2622 Thri-

406 2643 596 2708 burih
658 2651 904 2709 curtem
971 2640 1199 2707 suam4
1258 2645 1434 2707 venit
1510 2641 1727 2725 ibique
1796 2640 1961 2707 duos
2030 2651 2466 2708 commoratus
2536 2643 2674 2708 dies

406 2728 588 2796 VIII.
619 2728 758 2792 Kal.
790 2727 1022 2793 Febr.⁵
1067 2727 1370 2808 migravit
1410 2726 1495 2792 ab
1538 2727 1663 2791 hoc
1708 2726 1943 2794 seculo.
2696 2744 2793 2783 1⁸11-
2813 2744 2880 2784 25·

576 2814 680 2878 40.
771 2814 914 2891 Quo
975 2811 1202 2877 audito
1271 2833 1388 2876 rex
1457 2831 1693 2893 corpus
1754 2811 2253 2876 archiantistitis
2321 2812 2670 2896 precedens
2698 2828 2855 2877 'rasin-
2883 2829 2991 2868 chr-

407 2917 614 2978 usque
671 2896 756 2961 ad
811 2896 1297 2979 Magadaburch
1353 2895 1799 2979 subsequitur,
1859 2895 2283 2977 premittens⁶
2336 2896 2410 2962 eo
2464 2897 2672 2980 capel-

405 2981 626 3046 lanum
681 2983 916 3047 suimet
959 2981 1389 3065 Wigbertum,
1453 2987 1526 3046 ut
1581 2981 1660 3046 de
1714 2981 2025 3046 electione
2080 2981 2455 3064 Taginonis¹
2518 3003 2672 3046 una-

409 3066 647 3130 nimem
699 3065 1101 3131 confratrum
1160 3067 1559 3131 voluntatem
1613 3067 1988 3150 inpetraret.
2114 3065 2228 3131 Set
2306 3068 2673 3151 prepositus

409 3149 697 3217 eiusdem
751 3151 1059 3230 civitatis,
1114 3150 1528 3216 Waltherdus
1582 3152 1863 3229 nomine,
1929 3151 2299 3216 convocatis
2353 3153 2419 3216 in
2475 3173 2670 3216 unum

521 3305 578 3370 ²⁸)
616 3304 1074 3373 archiepiscopum
1111 3302 1380 3360 Gislerum
1416 3320 1507 3358 rex
1542 3305 1675 3359 add.
1702 3307 1755 3360 2.

411 3443 438 3471 a
479 3431 635 3490 ponthi
662 3431 853 3470 radendo
879 3433 970 3480 αἶρε
996 3442 1106 3471 corr.
1126 3433 1164 3472 1.
1271 3431 1318 3481 b)
1342 3430 1595 3470 honorando
1623 3433 1662 3472 1.
1690 3433 1738 3470 ut
1762 3430 1846 3469 iam
1871 3441 2021 3480 supra.
2126 3429 2168 3479 c)
2196 3433 2369 3470 alterum
2399 3431 2416 3470 1
2441 3442 2605 3471 erasum
2641 3433 2679 3472 1.

410 3483 437 3522 d
481 3482 656 3532 qicquid
684 3485 724 3522 1.
830 3481 872 3534 e)
898 3483 1154 3531 episcapatu
1185 3484 1224 3521 1.
1330 3480 1368 3532 f)
1393 3482 1409 3521 ί
1435 3493 1601 3522 erasum
1627 3485 1666 3522 1.
1772 3480 1817 3531 g)
1843 3481 2040 3522 Tandem
2066 3490 2172 3521 vero
2200 3482 2296 3522 zelo
2321 3482 2407 3521 Dei
2434 3482 2672 3522 instinctus

407 3534 670 3596 iniustitiam
699 3535 864 3596 nutam
889 3534 1079 3582 amplius
1107 3535 1149 3584 2,
1177 3533 1230 3572 A.
1251 3533 1297 3573 S.
1402 3532 1451 3582 h)
1476 3533 1508 3573 h
1535 3531 1640 3571 aaa.
1663 3533 1714 3572 T.
1786 3583 1795 3594 ⁸
1825 3533 1859 3594 ¹).
1886 3535 1945 3596 {tq
1972 3535 2057 3572 iam
2083 3532 2134 3583 A,
2160 3533 2237 3572 sed
2254 3536 2402 3583 postea
2428 3534 2583 3582 aliquio
2608 3535 2674 3573 in·

398 3586 602 3635 sertorem
618 3587 785 3635 partem
814 3587 975 3625 litterae
1001 3595 1031 3634 g
1059 3587 1097 3625 et
1123 3587 1250 3624 totam
1277 3594 1306 3622 n
1334 3587 1476 3634 erasit,
1503 3595 1610 3633 quae
1637 3584 1674 3623 V
1692 3585 1895 3632 restitum
1923 3587 2015 3623 item
2030 3585 2126 3632 sere
2145 3583 2229 3632 sol.
2249 3586 2317 3635 97,
2344 3583 2427 3635 9⁷¹,
2456 3586 2529 3625 98.

411 3693 465 3759 1)
515 3693 783 3762 Spessart.
935 3695 989 3760 2)
1039 3695 1338 3763 Dornbury
1373 3695 1450 3749 ad
1484 3693 1705 3758 Salam3
1759 3694 1825 3749 de
1862 3694 1994 3747 villa
2029 3694 2329 3762 Domburq
2378 3695 2454 3750 ad
2489 3694 2673 3748 Albim.

411 3764 519 3818 sita
554 3765 642 3818 hic
677 3763 907 3829 coyitan‘
935 3777 1046 3816 non
1075 3767 1277 3830 potest,
1331 3763 1588 3831 quoniam
1627 3762 1948 3828 Thornbury
1990 3777 2101 3815 non
2144 3763 2299 3829 lonqe
2343 3780 2380 3816 a
2417 3762 2680 3816 Thribmssi

411 3832 556 3886 curti
586 3831 836 3896 abfuisse
871 3846 936 3883 ex
979 3832 1071 3895 eis,
1117 3845 1256 3898 quae
1291 3837 1607 3898 sequuntur,
1646 3831 1992 3898 perspicitur.
2147 3829 2201 3894 3)
2248 3831 2285 3882 I
2286 3831 2416 3885 llum
2452 3835 2583 3883 tunc
2615 3831 2675 3883 in

408 3900 536 3966 ipsa
561 3899 697 3953 urbe
725 3899 1048 3966 Thornbury
1071 3897 1256 3965 fuisse
1288 3913 1503 3953 necesse
1538 3904 1618 3953 est
1654 3913 1968 3952 censeamus
1977 3916 1997 3963 ,·
2033 3913 2172 3965 quae
2198 3898 2341 3951 inter
2368 3897 2674 3950 commissas

413 3967 464 4020 ei
496 3967 642 4034 reqis
675 3967 734 4020 in
769 3965 998 4019 Saxonis.
1033 3966 1390 4034 proprietates
1435 3966 1652 4020 videtur
1670 3965 1876 4030 fuisse.
2030 3964 2083 4027 4)
2122 3963 2251 4019 Sine
2286 3965 2449 4020 dubio
2485 3965 2672 4018 villam

409 4035 562 4088 illam
605 4034 752 4088 intra
805 4033 1160 4102 Thuringiam
1215 4034 1426 4088 nomine
1479 4033 1702 4086 Driburi
1754 4033 1813 4086 in
1867 4033 2128 4087 comitatu
2181 4031 2480 4085 Ekkihardi
2535 4048 2674 4086 mar-

413 4100 616 4156 chionis
653 4103 833 4168 sitam,
861 4119 1024 4168 quam
1054 4103 1178 4157 Otto
1205 4101 1327 4155 III.
1355 4102 1492 4156 1000
1518 4102 1645 4155 Ian.
1668 4102 1735 4154 17
1760 4101 2017 4169 (Stumpf
2028 4101 2187 4163 1210)
2207 4101 2679 4169 Maqdeburqensi

413 4171 665 4224 ecclesiae
709 4171 1020 4225 donaverat.
1129 4170 1282 4233 Quae
1324 4169 1591 4237 siquidem
1636 4184 1813 4236 prope
1860 4167 2163 4235 Dombury
2210 4169 2455 4233 iacebat,
2518 4168 2673 4222 nulla

411 4238 524 4290 nisi
557 4237 931 4293 Oba-Trebra
965 4240 1118 4293 vicus
1151 4238 1292 4292 inter
1326 4237 1533 4304 oppida
1560 4237 1782 4303 Apozda
1817 4242 1867 4290 et
1894 4236 2064 4291 Sulca
2099 4237 2241 4290 situs
2273 4235 2449 4300 fuisse
2478 4242 2672 4303 potest.

413 4305 468 4367 5)
511 4306 680 4359 Hunc
713 4307 856 4359 diem
891 4313 1072 4360 noste-r
1107 4312 1158 4360 et
1192 4305 1349 4372 apud
1387 4305 1715 4372 Tayinonem
1752 4310 1802 4358 et
1835 4306 1893 4358 in
1932 4305 2147 4358 Nec-rol.
2184 4305 2355 4359 Mers.
2392 4310 2443 4359 et
2478 4305 2675 4372 Mayd.

414 4371 694 4502 invenit-bf
739 4373 826 4453 ⁶6)
865 4375 960 4428 Ea,-
993 4374 1090 4428 hoc
1125 4389 1334 4442 quoque
1367 4373 1693 4440 intelleyitur
1724 4387 1902 4439 reyem
1936 4388 2046 4426 non
2068 4373 2150 4426 ita
2170 4387 2346 4440 prope
2374 4388 2410 4425 a
2441 4371 2677 4439 Mayde·

451 4455 555 4507 ury
589 4456 623 4492 α
691 4455 848 4494 insse.

2300 4541 2333 4594 9
