3100 5050
187 1493 210 1516 *
228 1493 312 1540 sol.
335 1489 388 1532 9‘.

126 2591 146 2615 *
173 2602 289 2631 man.
322 2592 372 2631 Τ.

157 2678 185 2705 ⁸
209 2690 256 2727 p.
279 2678 371 2717 ⁷41.

167 3380 189 3405 '⁸
207 3382 290 3431 sol.
313 3382 376 3429 10,

185 3444 301 3473 man.
320 3432 373 3473 A.

1043 353 1449 410 THIETMARI
1483 353 1746 411 CHRON.
1818 355 1956 412 LIB.
1991 357 2036 411 Ι.
2604 361 2669 414 13

415 531 580 577 cene.
671 509 1021 592 Postquam
1066 514 1290 591 pastor
1334 509 1599 575 effectus
1644 531 1806 590 sum,
1854 509 2047 574 docui
2092 508 2416 575 subiectos
2460 509 2669 576 verbis

411 603 696 674 tantum,
754 603 820 660 et
861 617 987 660 non
1033 595 1338 678 exemplis
1354 608 1398 661 ⁸.
1495 596 1915 662 Extrinsecus
1968 597 2238 680 apparui
2292 596 2523 676 bonus,
2578 599 2670 662 in-

409 683 654 746 teriora
704 681 950 745 violans
1000 681 1298 765 pessimis
1352 681 1869 764 cogitationibus,
1933 681 2011 746 de
2062 681 2369 747 inmundo
2430 684 2669 748 semine

411 773 777 852 conceptuS,
826 766 1165 831 volutabar
1200 768 1267 832 in
1303 767 1439 832 luto
1487 774 1559 834 ut
1595 768 1925 834 immunda
1964 789 2091 833 sus.
2181 769 2369 833 Dicat
2404 769 2668 852 aliquis:

409 855 576 919 male
621 852 906 918 laudasti
941 855 1028 917 te!
1077 855 1181 918 cui
1216 852 1571 938 respondeo
1613 875 1831 919 verum
1881 854 2005 918 hoc
2052 875 2219 933 esse,
2280 854 2449 938 quod
2496 857 2671 920 dete-

408 942 644 1005 riorem
675 961 776 1003 me
805 940 1080 1006 nesciob.
1138 938 1384 1005 Idcirco
1413 962 1512 1004 me
1540 941 1632 1004 sic
1658 960 1880 1023 argue,
1915 947 2003 1018 ut,
2033 941 2270 1022 agnitis
2296 940 2670 1006 vulneribus

410 1028 586 1105 meiS,
637 1045 976 1090 succurras
1012 1023 1215 1113 [mihi]
1252 1025 1785 1092 medicationibus
1825 1027 2207 1091 necessariis
2244 1032 2411 1090 etex
2441 1047 2671 1110 magna

411 1119 595 1196 parte
640 1132 930 1282 consorsl
948 1112 1073 1176 mei
1117 1113 1210 1176 sic
1253 1112 1516 1178 adiuves
1562 1114 1630 1177 in
1670 1111 1964 1178 omnibus
2000 1133 2120 1192 me,
2168 1112 2335 1177 sicut
2370 1112 2525 1178 velis
2563 1135 2670 1178 ex-

407 1198 617 1264 hiberi
661 1218 776 1280 pro
821 1204 902 1264 te.

585 1305 685 1366 21.
729 1300 755 1380 (
764 1299 892 1384 11.)
955 1299 1066 1384 [Et
1106 1301 1334 1367 inclita
1375 1301 1758 1366 venerabilis
1802 1307 1983 1385 gesta
2026 1299 2448 1381 Machtildis‘,
2500 1323 2667 1385 quae

411 1391 558 1470 post
609 1406 934 1450 excessum
988 1387 1259 1451 senioris
1312 1389 1414 1451 sui
1467 1409 1801 1470 sumopere
1856 1387 2035 1466 fecit,
2093 1386 2389 1470 equidem
2440 1390 2665 1470 paucis

419 1471 949 1554 comprehendam
1012 1471 1097 1536 ad
1157 1474 1581 1538 imitationem
1645 1473 1877 1538 bonam
1944 1472 2273 1538 *fidelibus
2344 1474 2663 1554 cunctis1;

413 1560 564 1642 quia
609 1565 832 1622 sancta
876 1565 992 1636 est,
1039 1567 1111 1622 ut
1155 1561 1476 1642 scriptura
1512 1561 1715 1638 docet,
1762 1565 1827 1624 et
1861 1559 2138 1624 salubris
2175 1560 2501 1641 cogitatiO,
2546 1582 2663 1642 pro

409 1644 725 1709 defunctis
781 1664 967 1708 orare
1020 1650 1084 1708 et
1137 1645 1498 1710 elemosinis
1551 1646 2023 1710 absolutionem
2078 1643 2246 1733 [hiis]
2300 1645 2663 1729 impetrare.

409 1731 708 1813 Legimus
723 1728 769 1809 2,
817 1729 926 1794 ut‘l
961 1731 1152 1794 unius
1186 1732 1425 1814 captivi
1459 1733 1731 1809 vincula,
1772 1729 2043 1819 [quem]⁶
2080 1752 2239 1796 uxor
2274 1753 2391 1796 sua
2424 1738 2664 1815 putans

403 1824 732 1881 mortuum
803 1816 1083 1882 assiduis
1153 1819 1523 1900 procuravit
1593 1820 1906 1900 exequiis,
1978 1818 2177 1882 tocies
2248 1819 2661 1898 solverentur,

400 1903 666 1986 quocies
710 1922 826 1986 pro
872 1923 946 1967 eo
993 1903 1422 1986 acceptabiles
1467 1903 1602 1969 Deo
1647 1905 1817 1987 patri
1860 1903 2134 1968 hostiaef
2186 1903 2309 1968 abg
2352 1925 2429 1968 ea
2474 1903 2663 1969 offer-

402 1989 686 2065 rentur-¹²,
743 1997 818 2052 ut
861 1989 1000 2072 ipse
1047 1989 1104 2052 ei
1149 1995 1294 2073 post
1336 1991 1581 2068 retulit,
1638 2011 1783 2054 cum
1828 1989 2085 2054 domum
2132 2011 2317 2054 suam
2361 1988 2524 2055 liber
2566 2012 2664 2055 re-

403 2076 567 2140 visit.
667 2073 809 2137 Hoc
863 2074 1152 2157 exemplo
1207 2074 1471 2140 domna¹
1516 2075 1850 2140 Mahtildis
1872 2127 1887 2156 ,
1942 2075 2078 2140 viro
2132 2077 2369 2140 suimet
2411 2077 2664 2142 vinculo

405 2173 890 2226 momentaneae
936 2161 1161 2225 mortis
1207 2161 1528 2246 depresso,
1579 2163 1916 2240 succurrit,
1946 2183 2088 2226 -non
2124 2161 2329 2226 solum
2364 2163 2664 2246 pauperi-

405 2246 540 2326 bus,
586 2269 807 2312 verum
854 2247 1056 2310 eciam
1101 2247 1324 2312 avibus
1367 2250 1606 2313 victum
1650 2247 2215 2315 subministransk.
2304 2247 2663 2332 Congrege-

403 2335 640 2398 tionem
694 2329 996 2421 [quoque]
1051 2334 1633 2399 sanctimonialium
1689 2336 1751 2398 in
1808 2333 1912 2398 die
1968 2335 2295 2398 tricesima
2352 2335 2421 2398 in
2466 2355 2661 2416 supra

402 2431 758 2484 memorata
811 2418 970 2483 urbe
1025 2418 1300 2484 statuit3
1353 2426 1418 2484 et
1471 2419 1651 2500 huic,
1698 2428 2015 2504 quantum
2060 2419 2142 2485 ad
2187 2421 2393 2485 victus
2444 2427 2509 2484 et
2562 2423 2661 2484 sui

401 2508 670 2573 vestitus
713 2507 1082 2571 necessaria
1126 2505 1571 2590 suppetebatl,
1628 2529 1705 2571 ex
1752 2528 1869 2572 sua
1910 2505 2462 2590 proprietatem-4,
2520 2507 2659 2571 lau-

401 2591 708 2657 dantibus
761 2593 878 2656 hoc
931 2593 1168 2657 suimet
1208 2591 1378 2671 filiis,
1425 2594 1744 2657 concessit
1791 2592 1885 2658 ‘et
1938 2594 2198 2676 scriptis
2242 2591 2657 2660 confirmavit.

399 2678 751 2743 *Asserunt
783 2678 1072 2742 nonnulli
1107 2678 1376 2744 eandem
1402 2678 1526 2743 hoc
1563 2699 1901 2763 sumopere
1944 2678 2055 2743 diu
2084 2680 2447 2760 enituisse12‚
2484 2679 2657 2763 quod

400 2766 612 2829 iunior
655 2763 828 2829 filius
874 2764 1109 2829 suimet
1154 2764 1498 2830 Heinricus
1541 2766 1748 2849 patris
1793 2764 2010 2830 sedem
2054 2765 2432 2847 possideret.
2532 2764 2655 2829 Sed

399 2851 521 2916 hoc
575 2852 776 2929 Deus,
832 2851 1069 2915 electos
1123 2850 1246 2915 sibi
1301 2851 1384 2916 ad
1436 2872 1861 2935 unaquaeque
1915 2872 2165 2935 semper
2214 2850 2657 2935 preordinans,

401 2937 630 3016 noluit,
687 2958 804 3001 nec
860 2944 1248 3001 summatum
1301 2938 1545 3021 optima
1588 2959 1741 3021 pars
1787 2940 2172 3015 consensit0,
2234 2937 2347 3001 sed
2399 2938 2657 3002 racione

398 3023 700 3107 prudenti
763 3029 828 3087 et
886 3016 1032 3087 ideo
1105 3022 1295 3087 facile
1369 3022 1669 3088 suadenti
1746 3021 1955 3110 [haec]
2026 3024 2329 3089 merentis
2398 3024 2657 3106 reginae

400 3110 685 3173 animum
711 3108 907 3192 paulo
934 3108 1146 3173 minus
1177 3130 1218 3173 a
1255 3111 1583 3193 proposito
1618 3110 1979 3189 declinavit,
2018 3120 2085 3174 et
2117 3106 2655 3176 huicP‘Bawarios

400 3194 483 3260 ad
530 3194 876 3365 tufndmlnp
921 3196 1144 3278 apcius
1187 3196 1505 3279 assignari
1519 3196 1567 3275 5,
1613 3195 1953 3277 prehabito
2001 3195 2125 3260 sibi
2171 3203 2363 3261 natol'
2404 3196 2653 3276 maiori,

399 3301 597 3346 consu
627 3282 779 3345 uitP.

2690 1566 2731 1604 2.
2749 1565 2888 1606 Maec.

2705 1618 2767 1670 12,
2792 1619 2861 1657 46.

2686 2338 2773 2379 Iul.
2798 2339 2866 2380 80.

575 3385 676 3449 22.
723 3382 886 3468 (12.)
948 3380 1196 3468 [*Anno
1242 3383 1598 3449 dominicae
1639 3384 2099 3449 incarnationis
2135 3384 2649 3453 DCCCCXXIII.
2679 3377 2963 3498 *93323325

401 3470 760 3535 indiccione
811 3467 931 3547 XI,
985 3471 1164 3552 regni
1215 3477 1431 3535 autem
1495 3470 1688 3554 primi
1740 3471 1910 3553 regis
1963 3469 2251 3536 Heinrici
2296 3471 2386 3536 V⁰
2438 3472 2651 3555 [vene-

398 3556 624 3621 rabilis
678 3553 1177 3643 sigimundus]<1‚
1241 3563 1503 3622 sanctae
1566 3556 2109 3621 Halverstidensis
2169 3558 2480 3622 aeclesiae
2540 3580 2652 3623 an-

402 3693 444 3733 al
484 3703 552 3733 em
580 3692 683 3734 add.
719 3693 765 3733 Τ.
871 3690 922 3743 b)
964 3692 1156 3742 aliquem
1181 3694 1284 3733 add.
1324 3694 1367 3734 V.
1474 3693 1516 3744 c)
1556 3694 1717 3733 mecht.
1746 3706 1852 3734 corr.
1893 3693 1935 3743 V,
1960 3697 1997 3733 et
2022 3694 2085 3734 ita
2108 3706 2279 3743 smper.
2386 3694 2433 3746 d)
2458 3694 2573 3744 quod
2609 3695 2654 3735 V.

398 3738 443 3795 e)
468 3747 528 3785 ita
556 3746 596 3784 Τ
617 3746 748 3786 deleto
775 3748 833 3785 et.
945 3745 982 3795 f)
1009 3745 1143 3784 ostias
1170 3746 1224 3794 A,
1250 3746 1420 3785 hostiae
1450 3747 1497 3797 Τ,
1525 3746 1671 3785 hostie
1710 3745 1751 3785 V.
1898 3744 1917 3796 )
1942 3746 2083 3786 habeo
2110 3747 2161 3797 A,
2191 3759 2299 3787 corr.
2328 3748 2379 3789 Τ.
2480 3746 2526 3798 h)
2549 3746 2657 3786 offe·

399 3801 602 3837 rei-entur
627 3798 680 3846 A,
706 3796 966 3837 offerrentur
995 3798 1042 3846 Τ,
1069 3798 1107 3844 2,
1135 3796 1285 3837 offerri
1312 3802 1652 3847 procurarentur
1686 3797 1727 3839 V.
1857 3798 1873 3836 1
1932 3798 2041 3837 dona
2065 3798 2117 3847 A,
2144 3810 2249 3839 corr.
2281 3800 2331 3839 Τ.
2461 3797 2511 3848 k)
2558 3800 2655 3838 sub·

399 3850 626 3889 ministras
653 3849 704 3901 A,
732 3860 839 3889 corr.
873 3848 920 3887 Τ.
1054 3846 1087 3897 l)
1124 3852 1167 3888 te
1195 3849 1299 3888 add.
1330 3850 1380 3889 Τ.
1509 3849 1571 3901 m)
1604 3850 1843 3899 propietate
1862 3848 1914 3900 A,
1940 3861 2046 3889 corr.
2078 3852 2129 3892 T.
2256 3854 2302 3897 n)
2338 3849 2485 3890 ulam
2513 3849 2655 3890 fuisse

399 3913 504 3941 corr.
539 3901 587 3940 V.
717 3901 760 3951 o)
796 3910 968 3940 summe
995 3902 1255 3949 optimatum
1280 3911 1385 3951 pare
1423 3904 1642 3941 concessit
1666 3904 1708 3941 2.
1848 3902 1895 3952 p)
1929 3902 2060 3952 hunc,
2086 3906 2299 3952 tuentum,
2322 3908 2441 3951 nutu,
2466 3902 2657 3941 consulit

393 3954 533 4000 primo
561 3954 600 3992 Τ
621 3954 859 4003 scripserat,
886 3952 960 3991 sed
986 3954 1076 4002 ipse
1103 3954 1294 3992 comma
1399 3959 1445 4004 q)
1471 3954 1573 3993 add.
1604 3955 1649 3992 N
1670 3954 1717 3993 in
1742 3955 1829 3993 loco
1853 3964 1964 3994 τωο.

403 4056 452 4121 1)
491 4056 688 4123 Confer
712 4057 856 4112 vitae
882 4058 1000 4111 eius
1017 4056 1116 4111 SS.
1138 4058 1211 4110 X.
1239 4064 1288 4112 et
1303 4059 1343 4109 I
1354 4057 1412 4119 V,
1447 4073 1683 4124 quarum
1706 4064 1955 4111 neutram
1982 4063 2165 4111 noster
2188 4058 2402 4111 videtur
2424 4058 2653 4112 novisse.

399 4128 452 4189 2)
491 4127 662 4193 Apud
695 4125 1038 4194 Gregorium,
1089 4126 1312 4194 Βόαζος.
1343 4126 1454 4190 IV,
1491 4144 1536 4180 c.
1563 4127 1647 4179 57.
1798 4125 1852 4183 3)
1908 4124 1990 4193 Of.
2027 4126 2335 4191 Dae'lmmZem
2385 4123 2527 4181 ‘Otto
2562 4127 2651 4189 I.',

397 4196 633 4256 42—43;
653 4196 1044 4261 fundationem
1071 4194 1238 4248 huius
1263 4194 1584 4247 monasterii
1610 4193 1731 4247 Otto
1755 4210 1855 4248 rex
1882 4194 2221 4262 confirmavit
2245 4195 2363 4249 936.
2390 4193 2537 4258 Sept.
2571 4194 2651 4249 13.

399 4262 578 4327 (DOI.
597 4265 680 4327 .1.)
781 4264 838 4329 4)
875 4264 1068 4318 Urbem
1099 4263 1474 4329 Quedlinbury
1496 4262 1797 4317 Heinricue
1823 4279 1923 4317 rex
1941 4264 2057 4317 929.
2086 4262 2231 4329 Sept.
2252 4264 2317 4317 16
2343 4262 2540 4326 (DHI.
2558 4266 2653 4327 20)

399 4334 563 4385 uxori
594 4350 728 4387 suae
762 4333 1107 4387 Mahthildae
1141 4335 1200 4386 in
1235 4333 1324 4385 ius
1356 4332 1637 4399 proprium
1674 4333 1943 4387 concessit.
2100 4330 2153 4398 5)
2205 4332 2501 4387 Heinricus
2536 4333 2652 4386 dux

400 4401 680 4457 Bavart‘ae
700 4403 823 4468 fuit
857 4403 1149 4457 948—955.

2729 3499 2825 3539 Ien-
2845 3502 2908 3540 14.

2680 3549 2842 3591 chron.

2678 3602 2811 3644 Halb.
2824 3601 2845 3640 ?
