3100 5050
448 409 518 464 46
1054 408 1458 464 ΤΗΙΕΤΜΑΒΙ
1492 407 1754 466 CHRON.
1824 409 1962 464 LIB.
2000 408 2081 466 ΙΙ.

449 560 657 626 factis.
759 561 1112 646 *Quicquid
1165 565 1332 629 enim
1386 563 1648 629 honoris
1702 563 1822 628 sibi
1867 565 1965 629 vel
2008 569 2345 645 provectus
2391 564 2698 629 secularis
2728 584 2850 634 *soa
2872 585 2953 626 εν.

450 669 754 731 umquam
816 651 1134 730 provenit,
1206 671 1333 714 non
1394 650 1527 714 ullo
1592 651 1825 715 suimet
1883 650 2139 730 meritc,
2212 650 2324 715 sed
2386 651 2701 716 Daviticis

254 725 421 828 Ἶῖὶξῗζ
451 733 708 799 Christo
773 734 1110 818 asscripsit
1172 734 1497 802 laudibus:
1570 736 1716 800 Non
1768 737 1962 817 nobis,
2025 737 2348 819 inquiens,
2409 737 2699 818 Domine,

446 842 570 884 non
610 819 813 898 nobis,
870 821 978 885 sed
1019 824 1262 886 nomini
1303 832 1407 890 tuo
1449 822 1536 886 da
1580 823 1869 908 qlorv‘am.
1983 821 2051 886 Si
2105 824 2171 887 in
2224 841 2325 886 me
2372 821 2697 902 facundia,

445 904 714 970 scientia
759 913 825 970 et
868 908 1176 973 memoria
1217 908 1652 986 convenirent,
1698 909 1765 972 in
1810 907 2193 992 explicanda
2228 911 2470 974 cesaris
2504 909 2697 974 laude

444 989 803 1057 deficerent.
909 993 1090 1059 Sicut
1143 993 1470 1072 dominus,
1531 994 1625 1058 sic
1682 1000 1785 1056 et⁸
1839 995 2160 1077 principes
2222 995 2358 1060 eius
2416 994 2693 1059 fuerunt.

445 1076 591 1140 Non
637 1099 745 1142 eos
791 1077 1080 1146 ciborum
1125 1101 1238 1144 seu
1283 1079 1559 1144 aliarum
1603 1099 1817 1144 rerum
1863 1078 2189 1162 superflua
2233 1081 2530 1161 varietas,
2586 1079 2697 1147 sed

136 1157 342 1250 Ηοῖᾗοξ
358 1157 420 1207 ¹¹·
446 1163 516 1227 in
545 1165 790 1228 cunctis
820 1164 1182 1230 delectabat
1209 1186 1405 1230 aurea
1434 1164 1873 1230 mediocritas·
1918 1167 2170 1246 Omnes,
2207 1188 2372 1250 quae
2402 1167 2700 1251 leguntur

265 1237 278 1260 ’
448 1251 736 1330 virtuteS,
765 1251 863 1316 his
891 1251 1270 1335 degentibus
1296 1250 1621 1331 florenteS,
1648 1251 1775 1316 hiis
1802 1251 2186 1318 obeuntibus
2211 1260 2698 1322 marcesserunt.

443 1333 555 1402 Hii
593 1337 718 1401 etsi
757 1338 1176 1421 corporaliter
1210 1359 1338 1402 non
1373 1339 1610 1417 vivunt,
1648 1345 1992 1422 supersunt
2036 1339 2287 1403 animae
2328 1339 2699 1405 inmortales

444 1421 759 1487 bonorum
802 1430 1106 1507 provectu
1150 1444 1416 1507 operum
1460 1424 1652 1489 beata
1698 1425 2081 1489 aeternitate
2125 1424 2495 1508 gaudentes,

615 1562 718 1626 45.
783 1558 909 1625 Sed
945 1566 1019 1624 ut
1047 1561 1460 1627 concludamb
1481 1581 1855 1640 sermonem,
1891 1567 2035 1645 post
2062 1560 2367 1626 Carolum
2396 1563 2696 1646 Magnum

442 1646 727 1728 regalem
790 1645 1161 1711 cathedram
1225 1667 1578 1730 numquam
1639 1653 1861 1712 tantus
1921 1647 2173 1731 patriae
2232 1655 2446 1712 rector
2505 1655 2698 1732 atque

443 1730 746 1802 defensor
796 1733 1100 1814 possedit.
1198 1731 1697 1799 Procedentibus
1751 1739 2021 1797 mortem
2075 1734 2239 1814 eius,
2304 1741 2375 1799 ut
2424 1735 2695 1818 predixi,

441 1816 740 1900 plurimis
768 1818 1191 1901 optimatibus
1229 1839 1466 1898 omnes»,
1495 1819 1607 1902 qui
1640 1819 2112 1901 superfuerunt,
2150 1826 2369 1884 tantae
2405 1820 2697 1885 iucundi-

442 1903 598 1967 tatis
643 1903 851 1970 haud⁰
901 1905 1312 1986 inmemoreS,
1366 1926 1594 1970 novam
1639 1905 1845 1970 hancd
1886 1925 2201 1984 normam,
2261 1927 2428 1988 quae
2472 1927 2697 1990 seque-

443 1988 651 2068 batur,
708 2011 826 2055 nec
861 1991 1198 2057 voluerunt
1231 2013 1440 2075 neque
1476 1990 1931 2074 sequebantur,
1981 1992 2093 2057 sed
2130 1991 2215 2056 ad
2250 1994 2492 2057 exitum
2527 1994 2697 2057 vitae

443 2076 679 2141 suimet
733 2076 816 2140 ab
869 2084 1049 2142 recta
1102 2079 1407 2162 antiquae
1459 2078 1755 2142 veritatis
1809 2083 1873 2142 et
1933 2078 2230 2143 iusticias
2290 2077 2519 2142 semita
2580 2100 2699 2144 sua

443 2165 668 2245 sponte
711 2183 841 2226 non
886 2162 1247 2230 deviabant.
1337 2162 1578 2247 Inpleri
1621 2168 1775 2228 tunc
1821 2184 2099 2246 namque
2141 2163 2470 2241 videbant,
2524 2165 2699 2248 quod

442 2268 482 2312 a
527 2247 809 2330 quodam
855 2249 1144 2330 sapiente
1186 2269 1458 2333 presago
1492 2248 1859 2314 futurorum
1896 2251 2204 2333 scriptum
2242 2256 2367 2314 est:
2412 2249 2698 2316 Primum

443 2333 562 2397 *est
605 2356 861 2400 aureum
914 2335 1212 2416 seculum,
1263 2336 1444 2400 deinc
1487 2357 1733 2400 aereum
1782 2347 2033 2420 postque
2071 2335 2362 2421 ferreum
2403 2338 2698 2421 sequitur.
2726 2353 2747 2376 *
2766 2357 2847 2404 sot-
2870 2357 2938 2396 ³3·

441 2418 685 2484 Audiat
722 2421 1164 2505 unusquisque
1197 2419 1481 2486 fidelium
1519 2420 1853 2486 veredica⁰
1893 2421 2069 2486 beati
2096 2420 2385 2505 Gregorii
2422 2423 2696 2487 monita:

448 2503 601 2570 Cum
643 2517 950 2593 auqentur
991 2508 1189 2588 dona,
1242 2507 1525 2573 raciones
1579 2518 1855 2573 crescunt
1903 2508 2207 2573 donorum
2216 2558 2237 2589 ,
2290 2513 2357 2573 et
2407 2508 2474 2573 in
2529 2530 2696 2575 com-

441 2593 691 2658 missisf
753 2615 822 2660 se
878 2594 1070 2658 nimis
1136 2613 1437 2678 peccasse
1499 2595 1945 2678 perhorrescat
2010 2600 2075 2659 et
2140 2616 2256 2679 pro
2320 2596 2539 2661 anima
2600 2597 2698 2660 in-

439 2678 761 2764 peratoris
823 2680 1025 2745 Deum
1083 2680 1358 2763 supplici
1414 2687 1627 2745 mente
1683 2680 2011 2763 deposcat,
2078 2686 2152 2744 ut
2214 2679 2472 2763 flagicia
2535 2682 2700 2747 servi

439 2766 800 2850 peccatoris
844 2766 1235 2845 innumera⁸‚
1281 2787 1448 2850 quae
1490 2766 1560 2830 in
1605 2771 1707 2831 tot
1750 2766 1876 2831 sibi
1918 2765 2195 2832 subditis
2240 2767 2437 2832 rebus
2478 2788 2699 2852 preca-

442 2852 576 2917 veri
612 2852 1048 2936 nequiverant,
1095 2852 1438 2918 clementer
1472 2852 1783 2936 ignoscat,
1822 2872 2293 2936 regnorumque
2334 2853 2700 2919 dominator

444 2938 727 3002 omnium
781 2938 1061 3023 populis·
1090 2937 1498 3023 presentibus
1555 2944 1751 3024 atque
1806 2938 2045 3002 futuris
2100 2939 2371 3023 pervigil
2428 2940 2701 3024 piusque

445 3029 659 3089 custos
718 3025 1011 3090 assistat!
1125 3025 1211 3090 Et
1274 3031 1374 3104 tu,
1441 3025 1830 3109 quicumque
1895 3024 2055 3089 mihi
2124 3025 2461 3105 succedas,
2532 3028 2700 3092 tanti

441 3131 686 3175 memor
743 3109 1064 3189 beneficii,
1133 3111 1386 3176 animae
1447 3113 1588 3177 eius
1650 3110 2163 3177 recordationem
2226 3110 2402 3177 fideli
2466 3113 2700 3178 mentis

211 3218 327 3267 Aug.
349 3218 414 3259 ιο.
443 3196 744 3262 custodia
808 3217 1022 3263 serves
1098 3198 1502 3281 maximeque
1568 3199 1636 3263 in
1715 3198 2062 3263 festivitate
2130 3197 2373 3263 Christi
2446 3197 2699 3264 adletae

441 3283 803 3363 Laurentii,
857 3284 1042 3348 cuius
1085 3284 1613 3349 intercessionem
1659 3282 1889 3349 obnixe
1932 3284 2247 3368 postules,
2300 3290 2373 3349 ut
2415 3285 2582 3349 sicut
2624 3305 2699 3349 eo

443 3369 546 3433 die
584 3370 832 3435 meritis
869 3369 1072 3453 ipsius
1110 3369 1396 3435 hostium
1432 3370 1580 3435 huic
1616 3389 1918 3436 concessa
1952 3375 2051 3435 est
2085 3369 2392 3435 divinitus
2427 3370 2700 3435 victoria

442 3453 809 3535 visibilium,
862 3457 960 3520 ita
1005 3454 1130 3521 sibi
1175 3477 1216 3522 a
1260 3456 1395 3522 Deo
1440 3455 1699 3535 donata,
1754 3476 1949 3539 quam
1994 3454 2244 3541 semper
2286 3457 2547 3540 optavit,
2600 3476 2697 3520 re-

443 3540 768 3620 missione,
826 3542 1094 3625 laqueos
1138 3542 1545 3608 inimicorum
1602 3547 1925 3607 mereatur
1966 3541 2381 3606 invisibilium
2434 3540 2702 3606 evadere

441 3649 484 3693 a
527 3628 976 3755 sinistrisque¹²
1020 3633 1412 3713 segregatus,
1458 3630 1528 3693 in
1565 3627 1669 3692 die
1704 3626 1927 3693 iudicii
1964 3627 2312 3693 collocetur
2346 3628 2411 3692 ai
2456 3627 2700 3693 dextris

443 3714 566 3780 Dei
606 3714 813 3797 patris
864 3743 879 3759 ·
936 3766 952 3783 .

559 3888 617 3955 ²¹⁸)
653 3888 860 3956 Incipit
894 3887 1145 3958 prologus
1180 3886 1311 3942 libri
1345 3887 1498 3942 tertii
1535 3886 1601 3942 de
1638 3884 1835 3941 Ottone
1870 3886 2099 3941 secundo
2131 3892 2186 3942 2.

442 4041 486 4087 a)
530 4044 594 4082 et.
633 4044 678 4081 et
711 4042 766 4082 A.
905 4042 953 4091 b)
995 4041 1276 4081 conclaudam
1304 4041 1358 4082 A.
1497 4039 1540 4092 c)
1583 4052 1663 4081 voa:
1701 4041 1821 4081 haud
1855 4052 1975 4081 erasa
2000 4042 2048 4081 in
2082 4040 2174 4081 eod.
2196 4044 2235 4081 1.
2270 4043 2405 4081 antae
2436 4041 2557 4091 apud
2582 4040 2701 4081 AS.

445 4092 490 4143 d)
515 4093 599 4133 hae
625 4096 665 4133 1.
808 4093 851 4144 e)
893 4093 1085 4133 veridica
1119 4094 1166 4133 V.
1299 4093 1337 4145 f)
1378 4093 1599 4133 commisis
1627 4096 1667 4133 1.
1823 4093 1870 4142 g)
1908 4096 2093 4133 innume.
2120 4096 2157 4133 1.
2196 4094 2310 4132 linea
2335 4104 2465 4143 cuper
2500 4104 2529 4132 u
2567 4104 2700 4132 erma.

443 4144 493 4195 h)
519 4143 742 4195 asinisque
770 4145 821 4197 A,
850 4157 956 4186 corr.
980 4146 1032 4185 Τ.
1136 4145 1168 4191 1)
1195 4144 1250 4183 ad
1277 4148 1317 4185 1.
1430 4146 1480 4197 k)
1505 4156 1625 4185 voces
1652 4146 1738 4185 Dei
1763 4146 1903 4195 patris
1928 4156 1956 4185 a
1984 4146 2023 4183 T
2044 4144 2221 4184 additae
2245 4148 2393 4193 postea
2422 4156 2565 4185 nacae
2590 4147 2699 4184 nunt.
