3100 5050
1013 412 1416 469 ΤΗΙΕΤΜΑΒΙ
1452 410 1715 467 CHRON.
1785 413 1919 469 LIB.
1957 414 2089 469 1111.
2612 418 2681 473 85

427 570 530 635 cui
587 590 654 634 se
726 589 970 650 suaque
1040 566 1332 647 dederat,
1393 565 1667 632 confisus
1734 566 1980 631 tamdiu
2038 568 2366 651 signaculo
2421 574 2679 633 sanctae
2718 581 2912 647 (1010).

424 656 634 721 crucis
685 676 826 721 sese
881 654 1180 737 signavit,
1234 652 1654 740 quoadusque
1707 651 2113 719 obdormiens
2166 656 2232 718 in
2282 676 2442 739 pace
2484 675 2683 720 manu

424 742 612 807 simul
657 746 724 806 et
767 746 978 806 mente
1025 740 1283 823 quievit.
2703 763 2807 803 uu.
2827 763 2867 803 a

593 828 694 895 37.
778 827 932 892 Post
988 826 1173 891 cuius
1233 824 1480 891 obitum
1538 824 1977 891 Traiectenses
2036 826 2227 892 nudis
2282 825 2555 912 pedibus
2613 831 2679 891 et

424 914 693 979 armatis
739 911 1040 977 manibus
1083 916 1393 976 venerunt
1433 909 1689 986 flenteS,
1750 918 2008 977 orantes
2054 917 2121 977 et
2162 912 2529 978 domesticis
2581 912 2679 977 di-

422 1005 663 1065 centes:
729 999 872 1064 ‘Pro
917 997 1038 1063 Dei
1083 997 1339 1062 nomine
1385 995 1537 1061 date
1582 996 1768 1062 nobis
1811 1002 2134 1081 pastorem
2178 1004 2493 1075 nostrum,
2549 1018 2676 1083 quo

420 1092 718 1170 portetur
760 1083 844 1149 ad
915 1103 1070 1149 suae
1127 1082 1296 1149 sedis
1353 1081 1715 1149 tumulum.’
1817 1083 1958 1160 Quo
2015 1089 2239 1148 contra
2290 1084 2677 1150 reverendae

421 1173 592 1237 vitae
635 1170 989 1249 abbatissa,
1035 1168 1174 1234 eius
1218 1168 1464 1235 scilicet
1505 1168 1642 1234 filia
1678 1169 2103 1249 sanctissima,
2148 1190 2291 1234 cum
2327 1170 2677 1255 capellanis

423 1264 489 1323 et
529 1256 847 1322 militibus
892 1255 1251 1340 respondit:
1317 1255 1414 1319 ‘In
1459 1254 1683 1320 eodem
1729 1256 1869 1321 loco
1914 1254 2103 1321 debet
2146 1255 2431 1339 sepeliri,
2486 1255 2598 1322 ubi
2642 1278 2677 1325 e

419 1345 554 1409 vita
597 1343 878 1429 presenti
921 1364 960 1406 a
1006 1342 1139 1407 Deo
1183 1348 1282 1407 est
1323 1341 1677 1425 permissus
1723 1342 1911 1406 exui.’
2018 1342 2400 1407 Perventum
2445 1349 2541 1408 est
2593 1342 2677 1407 ad

421 1430 563 1509 hoc,
610 1434 683 1494 ut
725 1429 958 1495 armati
1002 1449 1081 1492 ex
1125 1434 1400 1511 utraque
1441 1434 1627 1511 parte
1665 1427 2205 1511 periculosissime
2242 1428 2577 1494 convenire
2612 1435 2677 1494 et

422 1516 639 1600 plures
691 1515 824 1580 vita
877 1512 1186 1579 deberent
1237 1534 1482 1593 carere,
1537 1513 1665 1578 nisi
1716 1513 1886 1597 quod
1942 1512 2180 1579 domna
2232 1512 2563 1580 abbatissa
2608 1535 2677 1580 se

422 1602 490 1666 in
533 1600 743 1667 medio
786 1620 1007 1665 eorum
1052 1601 1402 1683 prostravit
1459 1605 1524 1664 et
1568 1598 1729 1663 adeo
1773 1620 1995 1684 pacem
2050 1601 2220 1665 inter
2262 1600 2405 1665 illos
2450 1601 2549 1665 vel
2591 1600 2675 1664 ad

421 1680 822 1753 momentum'
846 1686 1112 1769 rogavit.
1202 1686 1458 1751 Interea
1495 1684 1837 1750 videbatur
1869 1686 2204 1765 militibus,
2242 1687 2413 1770 quod
2450 1707 2528 1751 ex
2564 1686 2678 1751 illa

420 1776 630 1859 parte,
669 1794 800 1858 qua
827 1772 1102 1838 fratrum
1136 1770 1396 1838 fuerant
1424 1770 1750 1851 officinae,
1792 1772 1874 1837 ab
1905 1792 2077 1856 aqua
2103 1771 2267 1837 Ema
2302 1772 2672 1838 nominata¹

419 1859 504 1925 ad
548 1860 784 1925 montis
828 1857 1240 1944 supercilium
1286 1858 1491 1941 ipsius
1544 1858 1915 1923 traherent⁸
1966 1859 2391 1942 sarcofagum.
2489 1857 2677 1937 Quod

416 1946 572 2011 dum
616 1946 996 2023 niterentur,
1056 1964 1287 2026 corpus
1331 1965 1372 2009 a
1414 1943 1935 2009 Traiectensibus
1979 1945 2339 2010 sustollitur
2385 1951 2449 2010 et
2490 1945 2675 2010 levis-

421 2032 608 2111 sime,
674 2032 844 2096 sicut
896 2031 1021 2115 ipsi
1077 2031 1297 2095 iurant
1352 2029 1592 2108 adhuc,
1655 2029 1828 2095 ultra
1888 2051 2124 2115 aquam
2183 2029 2459 2097 ducitur.
2567 2030 2675 2096 Sic

418 2123 578 2183 nutu
623 2116 884 2182 Domini
936 2115 1172 2183 fortior
1223 2137 1374 2201 pars
1429 2115 1653 2181 delusa
1706 2121 1806 2181 est
1859 2116 2151 2183 militum.
2256 2118 2413 2183 Post
2463 2123 2674 2182 trans-

417 2204 725 2269 lationem
779 2202 1070 2285 corporis
1124 2202 1294 2268 sacri
1345 2201 1711 2285 fragrancia
1764 2202 1912 2266 miri
1964 2202 2180 2269 odoris
2231 2207 2536 2289 percepta
2580 2209 2677 2268 est

416 2291 484 2353 in
535 2290 664 2368 via,
728 2309 894 2374 quae
946 2287 1126 2354 ultra
1181 2289 1309 2353 tria
1368 2288 1653 2353 miliaria
1702 2288 2260 2354 veracissimorum
2321 2288 2674 2369 hominum,

421 2376 591 2441 sicut
634 2376 761 2457 ipsi
804 2380 1142 2454 testantur,
1188 2394 1378 2439 nares
1421 2373 1707 2458 perfudit
1750 2379 1816 2440 et
1856 2382 2138 2458 pectora.

173 2462 194 2485 *
215 2461 305 2503 ⁶⁰⁶¹·
333 2466 368 2513 1,
592 2463 693 2534 38.
737 2459 900 2549 (25.)
967 2460 1386 2547 [Revocemus
1431 2460 1514 2527 ad
1559 2460 1955 2540 memoriam,
2010 2460 2182 2546 quod
2224 2458 2679 2528 miserabiliter

203 2516 391 2609 stiffi.
418 2548 694 2615 Gisilero
723 2548 1148 2633 archipresuli
1176 2548 1463 2613 *incuria
1489 2548 1590 2611 sui
1626 2548 1893 2631 contigit
1926 2547 2252 2616 damnum.
2320 2547 2677 2633 Imperator

419 2635 502 2700 ob
547 2634 982 2702 defensionem
1025 2634 1278 2718 patriae
1322 2632 1713 2716 Harnaburg
1756 2633 2080 2698 civitatem
2135 2644 2327 2718 oper'e
2379 2635 2674 2699 muniens
2708 2645 2981 2713 (9971un.).

418 2722 781 2786 necessario
795 2719 842 2801 ²,
889 2741 1032 2786 eam
1079 2719 1211 2784 1111
1257 2718 1649 2785 ebdomadas
1683 2718 1767 2784 ad
1805 2719 2114 2784 tuendum
2150 2720 2300 2785 huic
2334 2719 2673 2786 commisit.

420 2808 544 2886 Qui
589 2806 816 2873 fraude
859 2807 1078 2890 ignota
1134 2805 1216 2870 ad
1260 2806 1569 2891 placitum
1614 2826 1655 2871 a
1701 2804 1959 2890 Sclavis'
1983 2812 2245 2872 vocatus
2291 2827 2433 2870 cum
2478 2827 2677 2888 parva

418 2893 830 2958 multitudine
874 2893 1048 2958 exiit.
1140 2891 1269 2956 Alii
1312 2911 1589 2974 namque
1631 2897 2097 2977 precesserunt,
2143 2899 2209 2958 et
2250 2892 2564 2978 quosdam
2609 2893 2675 2956 in

417 2979 577 3044 urbe
620 2978 898 3063 reliquit.
985 2979 1152 3044 Ecce
1197 2983 1413 3043 autem
1457 2999 1627 3042 unus
1672 2998 1707 3042 e
1752 2978 2065 3044 consociis
2110 2979 2393 3044 eiusdem
2438 2999 2479 3042 a
2514 2977 2677 3043 silva

420 3086 754 3149 erumpere
813 3064 1032 3130 hostes
1094 3063 1396 3146 prodidit.
1519 3063 2095 3148 congredientibus
2158 3085 2305 3130 vero
2375 3071 2528 3129 tunc
2598 3085 2676 3128 ex

420 3157 693 3234 utraque
739 3157 923 3234 parte
968 3150 1302 3230 militibus,
1347 3150 1824 3229 archiantisteS,
1872 3151 1983 3234 qui
2030 3173 2220 3216 curru
2264 3151 2456 3229 venit,
2511 3171 2675 3234 equo
2702 3185 2831 3228 om,
2856 3187 2979 3226 pm,

419 3237 588 3318 fugit
648 3237 847 3316 alato,
921 3258 999 3301 ex
1060 3237 1194 3301 suis
1253 3243 1528 3301 mortem
1590 3235 2007 3302 evadentibus
2068 3236 2311 3320 paucis.
2427 3236 2674 3303 Sclavib
2749 3238 2954 3287 1¹12416·

417 3323 688 3388 victores
740 3322 944 3405 preda
994 3321 1483 3388 interfectorum
1537 3320 1669 3409 [VI.
1714 3322 1929 3388 Nonas
1976 3322 2147 3411 Iulii]
2201 3322 2337 3388 sine
2389 3322 2675 3406 periculo
2702 3344 2851 3383 1u1.s.

415 3407 803 3491 pociuntur-⁹·
880 3417 945 3473 et
1023 3408 1569 3493 archiepiscopum
1656 3409 1749 3473 sic
1830 3407 2102 3474 elabisse
2174 3413 2672 3492 conqueruntur.

417 3494 777 3560 custodivit
831 3502 1075 3572 tamen,
1131 3495 1418 3577 quamvis
1473 3494 1566 3559 sic
1617 3493 1983 3578 lugubriter
2033 3494 2399 3574 mutilatus,
2422 3545 2426 3550 .
2452 3493 2675 3560 urbem

417 3581 501 3646 ad
556 3580 799 3647 dictum
853 3580 1022 3645 diem
1069 3580 1383 3646 Gisilerus
1427 3579 1759 3664 tristisque
1810 3601 2103 3647 reversus
2150 3579 2401 3646 obviam
2445 3579 2677 3645 habuit

416 3674 720 3750 patruum
756 3668 1015 3732 meimet
1050 3666 1486 3732 marchionem
1522 3666 1946 3746 Liutharium,
1985 3668 2169 3733 cuius
2206 3689 2420 3732 curam
2452 3667 2676 3732 civitas

415 3754 709 3837 predicta
767 3761 923 3819 tunc
983 3753 1396 3838 respiciebat3
1473 3751 1874 3837 firmiterque
1937 3754 1997 3818 ei
2059 3775 2200 3818 eam
2270 3753 2677 3819 committens

187 3859 388 3906 *12-‘1‘19-
416 3839 628 3906 *abiit
729 3839 1017 3905 Accessit
1069 3846 1285 3904 autem
1340 3860 1551 3904 comes
1616 3845 1706 3917 et,
1754 3846 1829 3904 ut
1882 3838 2103 3904 urbem
2158 3839 2319 3904 vidit
2378 3837 2674 3904 incendio

412 3927 849 4010 fumigantem,
885 3923 1442 4007 archiepiscopum
1479 3946 1770 3990 remeare
1797 3947 1913 4009 per
1940 3926 2403 3990 internuntium
2434 3923 2675 3989 frustra

412 4014 619 4097 petiit.
718 4012 864 4095 Ipse
918 4016 1133 4077 autem
1185 4012 1393 4095 ignem
1450 4011 1517 4075 in
1571 4010 1821 4076 duobus
1873 4012 2033 4078 locis
2085 4012 2216 4076 iam
2271 4011 2400 4075 alte
2454 4031 2674 4075 ascen-

414 4150 458 4202 ι.)
484 4152 546 4190 ita
571 4150 622 4191 A.
644 4151 690 4190 S.
719 4161 760 4189 α.
783 4151 910 4198 10103
940 4150 1135 4190 traheret
1159 4151 1203 4189 2.
1307 4148 1355 4200 b)
1382 4159 1406 4187 c
1433 4149 1535 4188 add.
1563 4149 1612 4189 Τ.

419 4256 472 4317 1)
516 4257 655 4310 Eem
691 4255 872 4321 fluvio.
1025 4252 1078 4319 2)
1124 4255 1256 4322 Ipse
1298 4255 1594 4322 imperator
1638 4254 1718 4308 ibi
1759 4256 1943 4320 adfuit
1985 4256 2189 4311 chartis
2226 4255 2452 4309 testibus
2486 4272 2537 4308 a.
2574 4255 2676 4310 997

419 4326 546 4377 Iun.
574 4325 624 4387 5,
660 4324 710 4386 8,
747 4326 814 4380 13
847 4324 1104 4390 (Stumpf
1132 4325 1514 4388 1113—1115).
1652 4322 1707 4388 3)
1744 4324 1987 4378 Plurimi
2017 4326 2217 4380 mortui
2248 4324 2583 4379 adnotantur
2617 4323 2677 4376 in

419 4392 582 4446 Necr.
627 4393 797 4447 Mers.
842 4395 950 4448 Iul.
987 4393 1036 4446 2.
1116 4395 1184 4447 L.
1267 4392 1424 4458 Confi
1470 4393 1634 4446 Necr.
1686 4393 1881 4461 Mayd.
1926 4394 2034 4448 Iul.
2069 4396 2136 4450 2.·
2202 4392 2394 4448 Obitus
2438 4390 2675 4446 militum

417 4461 595 4514 sancti
629 4459 894 4526 Mauricii,
931 4460 1024 4531 qui
1059 4461 1216 4517 occisi
1252 4465 1379 4517 sunt
1412 4461 1470 4516 in
1506 4459 1809 4531 Arneburg.
