3100 5050
946 412 1354 467 THIETMARI
1389 412 1653 467 CHRON.
1725 413 1861 467 LIB.
1900 414 2006 467 VII
2044 414 2181 479 (VI).
2598 417 2697 471 179

433 566 623 649 culpa
679 566 838 630 haec
897 566 1185 631 evenisse
1243 564 1621 647 arbitretur3
1683 566 1840 648 quia
1894 566 2083 630 multi
2139 573 2287 631 ante
2346 588 2493 633 eum
2551 568 2697 650 plus

431 671 626 734 quam
663 651 846 715 XXX
881 650 1194 716 sedebant
1227 671 1448 729 annOS,
1485 651 1598 734 qui
1635 671 1753 714 nec
1788 651 1893 715 hic
1928 671 2049 715 nec
2083 651 2151 714 in
2180 652 2397 717 futuro
2430 655 2696 718 maioris

432 737 645 801 meriti
692 741 896 803 erant.
1000 736 1092 799 Ve
1137 736 1284 815 hiis,
1341 737 1452 818 qui
1495 738 1565 800 in
1608 736 1731 800 hac
1775 737 2287 818 peregrinatione
2333 738 2439 802 diu
2479 739 2699 802 vivunt

431 828 496 885 et
538 821 606 885 id
652 822 938 905 spacium
986 821 1154 885 male
1198 821 1522 906 operando
1566 821 1871 904 perdunt3
1930 828 1995 885 et
2035 820 2198 886 bene
2243 823 2371 887 illis
2416 829 2531 901 est,
2586 826 2697 906 qui

431 908 570 971 dies
613 907 738 971 sibi
781 926 1122 971 concessos
1159 928 1305 971 cum
1348 912 1543 971 cauta
1578 906 2007 971 sollicitudine
2044 906 2109 970 in
2147 905 2391 971 Christi
2430 910 2695 973 servicio

429 992 691 1059 ducunt.
779 991 947 1055 Male
984 998 1324 1075 operantes
1362 992 1645 1075 quique*
1678 1012 1919 1075 poenas
1958 990 2081 1055 sibi
2118 999 2382 1074 augent3
2430 1000 2697 1057 econtra

429 1084 675 1154 autem,
730 1077 968 1160 quibus
1020 1076 1436 1142 abbreviatur
1477 1078 1613 1141 vita
1665 1098 1957 1159 presenS,
2012 1078 2066 1141 si
2122 1085 2274 1142 sunt
2327 1078 2695 1161 culpabiles..

426 1166 558 1228 cito
593 1163 894 1247 admyssa
933 1163 1138 1229 luunt.
1225 1162 1388 1227 Boni
1424 1168 1643 1227 autem
1680 1184 1918 1241 omnes,
1957 1163 2077 1226 etsi
2114 1164 2534 1246 corporaliter
2569 1184 2697 1227 non

427 1269 590 1330 eque
634 1248 890 1331 degant,
936 1270 1068 1311 una
1111 1256 1330 1311 tamen
1367 1248 1701 1312 felicitatis
1738 1248 2120 1311 aeternitate
2158 1248 2460 1327 gaudent.
2551 1248 2697 1312 Non

429 1334 538 1397 ille
584 1334 936 1398 solus-tam
977 1353 1176 1417 parvo
1221 1339 1512 1415 tempore
1560 1333 1745 1399 sedit.
1834 1334 2181 1415 Legimusl
2219 1333 2621 1397 Tertulinum
2660 1356 2699 1398 a

430 1427 654 1483 sancto
715 1418 1036 1501 Stephano
1105 1440 1276 1503 papa
1343 1418 1713 1499 presbiterii
1784 1419 2163 1500 dignitatem
2230 1427 2293 1483 et
2356 1425 2503 1501 post
2557 1418 2695 1482 IIII

429 1504 568 1568 dies
622 1502 702 1567 ob
757 1524 1043 1567 amorem
1099 1504 1340 1569 Christi
1393 1505 1948 1586 constantiamque
2004 1503 2155 1567 fidei
2208 1505 2595 1589 martyrium
2657 1527 2697 1568 a

186 1608 208 1631 ‘2
229 1610 396 1658 pass.
427 1591 685 1654 tiranno
731 1588 1153 1673 susce*pisse;
1219 1596 1284 1654 et
1327 1590 1393 1652 in
1439 1595 1713 1671 utroque
1770 1590 1992 1653 ordine
2046 1591 2102 1652 is
2156 1610 2409 1671 semper
2458 1599 2693 1653 manet.

429 1674 562 1740 Iste
618 1674 878 1757 quidem
937 1682 1206 1757 peccata
1269 1676 1394 1737 luit
1462 1680 1526 1737 et
1590 1676 1656 1738 in
1717 1674 1890 1738 brevi
1944 1695 2063 1757 pro
2119 1674 2449 1739 laboribus
2508 1676 2697 1740 iustis

432 1760 760 1824 bravium*
789 1781 830 1823 a
856 1762 992 1824 Deo
1021 1760 1280 1843 recepit,
1315 1756 1405 1845 [et
1431 1757 1579 1845 hoc]
1610 1760 1831 1824 multis
1861 1760 2009 1823 ilico
2038 1760 2519 1825 manifestatum
2551 1759 2696 1825 fuit.

429 1846 606 1910 Haec
653 1853 869 1910 autem
916 1846 1134 1909 omnia
1179 1860 1486 1909 enarrare
1529 1845 1904 1927 perlongum
1942 1850 2069 1925 est3
2121 1846 2403 1928 qualiter
2431 1866 2579 1909 vero
2618 1845 2698 1909 de

427 1931 555 1995 hiis
599 1932 762 1995 mihi
806 1930 1134 2007 acciderit,
1190 1930 1326 1993 Deo
1371 1935 1559 2007 teste,
1615 1930 1769 2012 quia
1816 1951 1945 1995 non
1990 1931 2288 2009 mentior,
2344 1930 2697 2015 explicabo,

155 2035 178 2057 *
199 2035 284 2083 soz.
307 2037 397 2076 131.
604 2018 702 2081 19.
759 2015 913 2079 *Fui
949 2017 1017 2079 in
1052 2015 1337 2098 presidio
1389 2014 1471 2077 ad
1508 2014 1703 2079 Misni
1750 2022 1815 2079 et
1849 2017 1918 2079 in
1954 2016 2260 2080 natalicio
2294 2016 2399 2081 die
2434 2023 2695 2097 aposto·
2734 2029 2867 2081 1012

425 2102 632 2165 lorum
681 2101 978 2181 Symonis
1033 2107 1100 2165 et
1143 2099 1344 2164 Iudae
1400 2107 1544 2181 post
1597 2102 1983 2167 matutinam
2038 2102 2342 2185 apparuit
2386 2102 2545 2165 mihi
2588 2102 2697 2167 ille
2724 2120 2909 2161 oense.

428 2185 859 2264 venerandus;
907 2192 972 2249 et
1011 2204 1163 2249 'cum
1200 2187 1366 2255 hunc
1410 2188 1779 2250 mortuumb
1826 2187 1987 2251 bene
2025 2207 2493 2269 cognoscerem,
2541 2207 2698 2270 quo-

428 2271 617 2335 modo
664 2292 732 2335 se
777 2292 881 2335 res
926 2272 1064 2335 eius
1109 2270 1441 2349 haberent,
1495 2273 1789 2355 protinus
1834 2272 2336 2353 interrogabam.
2426 2272 2513 2335 Et
2563 2272 2695 2336 ille:

427 2356 525 2420 ‘In
558 2357 860 2440 poenis0’,
896 2356 1142 2439 inquid,
1184 2358 1320 2439 ‘pro
1358 2356 1674 2439 qualitate
1711 2358 1927 2421 meriti
1964 2358 2233 2435 fueram,
2276 2378 2437 2439 quas
2476 2377 2698 2421 omnes

426 2464 690 2524 prorsus
753 2444 883 2506 iam
945 2442 1381 2524 superabam'3
1465 2448 1529 2506 et
1590 2463 1705 2524 ego
1776 2463 1923 2505 mox
1989 2442 2337 2506 admodum
2408 2443 2694 2525 gavisus:

429 2529 630 2594 *Licet
663 2529 864 2607 mihi’,
910 2529 1194 2610 inquam,
1243 2535 1612 2608 ‘campanas
1650 2548 1879 2592 sonare
1916 2533 1982 2592 et
2012 2529 2283 2611 populos
2320 2528 2405 2591 ad
2438 2527 2693 2592 laudem

427 2615 549 2678 Dei
595 2614 1006 2679 accendere‘P'
1103 2614 1192 2677 Et
1235 2613 1344 2677 ille
1388 2613 1751 2694 respondit:
1818 2613 2035 2690 ‘Bene‚
2090 2615 2247 2696 quia
2290 2634 2508 2677 verum
2556 2614 2696 2680 est.’

428 2699 514 2765 Et
567 2707 722 2764 tunc
777 2699 1054 2782 amplius
1115 2700 1182 2763 in
1247 2697 1673 2780 colloquendo
1734 2718 2139 2782 progressus:
2214 2699 2478 2776 ‘Estne,’
2542 2699 2696 2777 dixi,

430 2785 568 2849 ‘hoc
620 2785 796 2850 vobis
849 2792 1099 2862 notum,
1165 2783 1337 2866 quod
1391 2783 1743 2848 multorum
1796 2785 2239 2850 susurratione
2294 2805 2474 2849 mens
2525 2785 2695 2868 regis

429 2869 714 2933 alienata
776 2877 874 2933 est
934 2891 974 2934 a
1026 2869 1234 2947 vobis,
1301 2890 1376 2934 eo
1441 2869 1616 2951 quod
1673 2876 1822 2952 post
1884 2870 2358 2934 ordinationem
2416 2877 2697 2934 vestram

431 2963 654 3018 contra
689 2975 831 3017 eum
859 2955 1066 3018 multa
1098 2956 1356 3038 operari
1389 2955 1865 3019 studuissetis?
1912 2955 1998 3018 Et
2031 2955 2168 3020 ille:
2210 2954 2489 3020 ‘Credite
2517 2955 2695 3030 mihi,

431 3039 714 3117 obsecro,
754 3039 1034 3117 credite',
1071 3040 1492 3122 ingeminans,
1534 3041 1711 3124 ‘quia
1738 3041 1805 3104 in
1833 3039 1955 3104 hoc
1982 3040 2323 3124 culpabilis
2358 3062 2484 3104 non
2514 3041 2697 3107 sum.‘

431 3123 590 3188 Cum
620 3131 835 3188 autem
865 3126 1238 3205 percontari
1274 3123 1445 3190 hunc
1473 3126 1721 3202 vellem,
1760 3147 1875 3190 cur
1903 3132 2036 3190 tam
2066 3128 2195 3190 cito
2224 3126 2477 3203 obierit,
2506 3126 2699 3209 evigi-

426 3209 555 3273 lavi
583 3216 648 3272 et
672 3210 796 3273 hoc
823 3211 986 3273 scire
1009 3231 1135 3273 non
1159 3208 1346 3273 licuit
1368 3211 1544 3276 mihi.
1607 3212 1840 3295 Accepi
1862 3219 2010 3292 post
2032 3233 2073 3276 a
2094 3212 2430 3276 veracibus
2442 3212 2488 3291 d,
2523 3211 2696 3294 quod

431 3293 538 3381 [is]
579 3295 644 3357 in
685 3295 970 3358 omnium
1016 3297 1621 3360 commemoratione
1664 3304 2034 3362 sanctorum
2078 3297 2309 3361 divinis
2350 3297 2700 3362 clementer

424 3381 789 3463 presentari
815 3386 1166 3444 mereretur
1195 3379 1550 3446 obtutibus,
1600 3381 1803 3446 Omne
1833 3382 2005 3465 quod
2034 3382 2112 3448 de
2136 3383 2251 3447 illo
2276 3383 2433 3461 dixi,
2464 3403 2593 3446 non
2618 3382 2696 3446 de

427 3464 695 3549 speciali
735 3466 956 3547 aliqua
997 3466 1232 3530 suimet
1274 3467 1546 3530 caritate
1589 3469 1850 3550 protuli,
1897 3469 2051 3550 quia
2095 3489 2312 3532 verum
2360 3476 2477 3546 est,
2525 3468 2698 3550 quod

427 3558 578 3623 ante>
604 3550 1115 3615 benedictionem
1149 3548 1383 3637 [suam]
1417 3551 1827 3616 mediocriter
1856 3552 2083 3617 dilexit
2123 3574 2223 3618 me
2262 3561 2328 3618 et
2355 3553 2435 3616 ob
2477 3552 2695 3617 defen-

425 3638 670 3702 sionem
699 3636 934 3700 suimet
963 3637 1318 3701 aecclesiae
1345 3637 1633 3720 inpedite
1662 3638 1864 3702 multa
1892 3658 2090 3705 meae.
2137 3639 2453 3703 Veritatis
2480 3638 2697 3722 gratia

445 3792 451 3797 -
536 3759 594 3822 21⁸)
631 3757 862 3824 longeva
895 3757 1012 3810 vita
1049 3759 1177 3811 add.
1205 3760 1255 3812 2.

423 3860 470 3905 a)
494 3857 701 3898 brauiuffi
729 3860 769 3898 1.
879 3857 929 3910 b)
950 3859 1077 3906 prius
1102 3869 1146 3896 m
1171 3857 1276 3898 add.
1300 3861 1349 3899 T.
1464 3857 1504 3909 c)
1528 3868 1554 3897 o
1581 3858 1683 3897 add.
1708 3861 1757 3899 T.
1863 3858 1907 3908 d)
1934 3859 2165 3898 vei-atibus
2194 3863 2233 3900 1.
2349 3859 2393 3911 e)
2422 3860 2623 3909 inpendit
2648 3860 2695 3900 G.

428 3946 476 4008 1)
512 3946 586 3997 In
617 3945 835 3998 Adonis
869 3943 1096 4007 (Sur-ius
1131 3943 1218 3998 ‘de
1245 3946 1402 4011 prob.
1433 3951 1607 3999 sanct.
1635 3946 1781 4000 hist·
1826 3946 1961 4010 VII,
1993 3963 2051 4013 p.
2082 3948 2216 4000 1163
2244 3949 2349 4015 sq.)
2383 3953 2435 4000 et
2465 3945 2699 3999 Notkeri

423 4013 618 4070 (Henr.
658 4012 875 4067 Canisii
907 4011 1170 4067 ‘Lectioru
1211 4014 1453 4082 Antiqu!
1500 4019 1623 4066 tom.
1651 4015 1737 4076 II,
1775 4015 1809 4068 3
1837 4029 1897 4080 p.
1927 4015 2055 4077 161)
2102 4015 2506 4082 martyrologiis
2552 4030 2603 4066 a.
2642 4015 2693 4068 ol.

423 4082 509 4134 II.
539 4083 684 4135 Non.
715 4081 859 4149 Auy.
894 4088 1178 4147 narratur,
1222 4080 1562 4134 Tertulinum
1598 4081 1711 4134 sive
1748 4081 2109 4135 Tertullinum
2155 4100 2193 4136 a
2229 4085 2383 4136 beato
2420 4082 2697 4150 Stephano

415 4149 674 4216 pontifice
710 4151 1087 4216 presbyterum
1134 4155 1520 4214 consecratum,
1570 4151 1693 4216 post
1727 4149 1950 4204 biduum
1986 4158 2171 4204 autem
2220 4152 2295 4204 ad
2336 4151 2695 4204 Valerianum

421 4219 797 4283 imperatorem
823 4219 1047 4272 ductum
1074 4226 1128 4273 et
1149 4218 1298 4272 illius
1323 4217 1484 4271 iussu
1512 4218 1901 4272 crudelissimis
1928 4226 2087 4288 atque
2106 4220 2387 4274 diuturnis
2406 4220 2697 4286 suppliciis

423 4301 592 4353 usque
620 4288 694 4339 ad
719 4302 900 4341 necem
937 4287 1298 4341 excrutiatum
1326 4302 1476 4340 esse:
1513 4302 1575 4339 re
1611 4302 1742 4340 vera
1780 4287 2108 4341 Valerianus
2135 4289 2413 4342 253—260
2448 4289 2698 4357 req-navit

423 4359 474 4406 et
516 4353 824 4421 Stephanus
853 4357 902 4410 I.
941 4371 1104 4422 papa
1148 4355 1444 4410 254-257
1489 4354 1643 4420 sedit,
1694 4355 2061 4409 Tertullianus
2107 4362 2289 4410 autem
2335 4357 2476 4409 inter
2512 4375 2563 4412 a.
2592 4357 2697 4411 ‘220

423 4425 474 4472 et
507 4421 609 4476 240
644 4429 890 4477 mortuus
924 4424 1142 4477 videtur
1177 4439 1308 4478 esse.

2282 4525 2383 4580 12*
