3100 5050
234 584 396 651 (994).

209 3164 311 3205 Iun.
329 3165 396 3205 28.

427 421 498 476 78
1013 417 1418 474 ΤΗΙΕΤΜΑΒΙ
1452 373 1716 474 ΟΗΒΟΝ.
1786 421 1925 475 LIB.
1962 422 2096 475 1111.

430 572 687 637 volante
731 569 926 660 [mox]
972 571 1299 638 dilatatur.
1388 572 1802 639 Bernhardus
1838 573 1989 654 dux,
2034 575 2147 657 qui
2179 575 2509 657 proximus
2543 574 2688 652 fuit,

431 659 692 724 nuntios
751 679 945 741 quam
1008 679 1279 741 propere
1341 659 1544 736 misit,
1618 660 1730 742 qui
1795 661 2080 742 precium
2150 681 2267 744 pro
2338 659 2687 725 eorundem

429 743 828 809 redemtione
871 744 967 808 eis
1008 745 1415 828 promitteret
1456 751 1522 809 et
1566 745 1981 810 conveniendi
2082 744 2300 810 acifice
2356 767 2435 810 ac
2475 746 2687 810 locum

431 829 836 912 colloquendi
887 837 1153 914 peteret.
1249 830 1469 894 Parati
1515 836 1695 910 sunt,
1749 852 1975 914 paoem
2066 843 2308 895 rmam⁸
2352 838 2417 896 et
2463 831 2689 896 ineffa-
2752 907 2757 913 ι

430 915 624 980 bilem
683 917 1068 1000 pepigerunt
1125 915 1482 996 pecuniam.
1600 914 1768 992 Quid
1831 922 2049 981 autem
2110 917 2193 982 ad
2254 915 2414 982 haec
2482 919 2689 1000 primo

431 999 626 1088 [rex]b
697 1001 1054 1084 deindeque
1129 1001 1196 1064 in
1257 1001 1499 1066 nostris
1559 1001 1855 1085 partibus
1923 1003 2130 1067 omnis
2192 1003 2688 1067 christianorum

429 1091 610 1170 larga
667 1087 1034 1170 benignitas
1094 1085 1311 1152 debito
1372 1085 1800 1152 humanitatis
1858 1087 2064 1152 offitio
2126 1087 2517 1172 inpenderit,
2582 1110 2687 1152 ex-

427 1173 670 1256 plicare
722 1194 849 1238 non
901 1170 1165 1240 suffitiO.
1265 1172 1474 1237 Mater
1517 1179 1735 1237 autem
1780 1193 1925 1237 mea
1968 1179 2150 1239 tanto
2196 1174 2417 1239 dolore
2461 1175 2687 1237 intrin-

429 1281 612 1324 secus
657 1264 974 1323 commota
1026 1277 1239 1336 omne,
1299 1257 1470 1341 quod
1514 1257 1745 1323 habuit
1795 1259 1893 1323 vel
1945 1260 2279 1342 acquirere
2324 1259 2456 1324 ullo
2500 1259 2686 1323 modo

427 1345 656 1428 potuit,
701 1365 822 1429 pro
866 1344 1142 1408 fratrum
1187 1344 1515 1426 ereptione
1561 1343 1861 1409 attribuit
1872 1355 1915 1410 ⁰.

599 1431 700 1495 24.
803 1430 1122 1494 Execrata
1184 1449 1333 1493 vero
1404 1429 1805 1511 piratarum‘¹
1874 1429 2067 1494 turba
2134 1452 2279 1495 cum
2344 1431 2687 1494 maximam

427 1516 730 1582 collectae
755 1516 1067 1599 pecuniae
1093 1520 1343 1596 partem
1371 1515 1661 1580 inmenso
1692 1516 1928 1580 suimet
1954 1515 2237 1597 pondere
2264 1516 2685 1600 perciperent,

426 1601 716 1666 Heinrici
775 1603 909 1666 vice
969 1599 1169 1664 filium
1233 1601 1372 1664 eius
1441 1602 1704 1666 unicum
1767 1599 2142 1685 Sigifridum
2213 1602 2469 1666 nomine
2542 1623 2685 1665 cum

425 1687 829 1754 Garevardo⁰
877 1684 967 1772 [et
1010 1683 1426 1772 Vulferemo],
1473 1686 1803 1770 Ethelgeri
1849 1692 2066 1752 autem
2113 1687 2252 1752 loco
2299 1687 2687 1752 avunculum

428 1771 761 1860 [eiusdem]
809 1772 1220 1837 Thiedricum
1272 1777 1338 1836 et
1387 1773 1626 1837 amitae
1671 1775 1906 1838 suimet
1955 1771 2157 1837 filium
2202 1772 2351 1837 Olef
2390 1780 2685 1838 vocatum

425 1859 867 1943 succipientes,
906 1864 998 1937 ut,
1034 1856 1208 1940 quod
1233 1857 1312 1922 de
1341 1859 1663 1939 promisso
1696 1859 1791 1923 eis
1826 1865 2085 1923 tesauro
2121 1858 2329 1923 adhuc
2358 1861 2685 1936 remansit,

423 1964 502 2009 eo
538 1945 818 2009 velocius
854 1943 1311 2026 colligereturf,
1361 1964 1472 2009 eos
1507 1944 1690 2009 abire
1735 1944 2038 2028 Sigifrido
2074 1944 2279 2009 solum
2316 1953 2685 2010 remanente

421 2031 733 2114 permisit.
840 2028 1000 2093 *Hic
1060 2029 1214 2111 quia
1274 2028 1479 2095 filium
1535 2051 1663 2094 non
1717 2029 1973 2108 habuit,
2036 2050 2077 2093 a
2129 2036 2336 2096 matre
2389 2052 2534 2095 mea
2584 2051 2682 2093 re-

423 2115 704 2180 medium
783 2115 866 2180 ab
945 2135 1072 2179 uno
1156 2114 1436 2180 filiorum
1508 2117 1741 2180 suimet
1809 2116 2174 2199 postulavit.
2299 2116 2479 2193 Quae
2551 2122 2684 2180 tam

421 2202 824 2266 necessariae
893 2201 1202 2285 peticioni
1262 2199 1639 2266 satisfacere
1704 2200 2077 2266 desiderans
2158 2199 2535 2266 *nunciumss
2596 2199 2681 2265 ad

422 2286 722 2352 abbatem
793 2285 1197 2369 Rigdagum¹
1275 2287 1571 2352 celeriter
1650 2288 1854 2366 misit,
1935 2287 2046 2370 qui
2124 2287 2390 2352 fratrem
2470 2307 2684 2351 meum

424 2372 804 2454 Sigifridum
875 2379 1032 2438 tunc
1095 2371 1185 2437 ibi
1250 2371 1371 2438 sub
1437 2372 1667 2439 habitu
1732 2373 2111 2438 monachico
2170 2371 2505 2454 degentem
2578 2393 2685 2436 ac-

423 2465 610 2541 cepta
664 2460 934 2524 licencia
985 2459 1340 2524 reduceret.
1453 2459 1571 2523 Hic
1626 2460 1779 2544 quia
1834 2460 1995 2527 satis
2047 2457 2330 2542 prudens
2385 2458 2481 2521 vir
2541 2458 2683 2536 fuit,

421 2546 672 2610 cunctis
743 2546 1018 2610 sollicite
1084 2546 1462 2628 perquisitis
1531 2547 1811 2611 iniustae
1871 2545 2178 2627 legationi
2238 2545 2521 2611 resistith
2602 2550 2684 2623 et,

424 2638 689 2716 propter
747 2652 967 2696 curam
1027 2651 1070 2695 a
1123 2632 1256 2696 Deo
1317 2630 1443 2696 sibi
1501 2631 1814 2696 creditam
1877 2629 2048 2716 quod
2103 2630 2228 2695 hoc
2283 2630 2498 2696 facere
2556 2650 2686 2694 non

423 2723 849 2797 presumeret,
909 2715 1260 2799 respondit.
1363 2716 1643 2782 Nuntius
1696 2722 1941 2792 autem,
1997 2720 2074 2780 ut
2125 2718 2185 2780 ei
2239 2716 2482 2781 iussum
2542 2716 2684 2793 fuit,

425 2802 509 2868 ad
556 2802 1028 2880 Ekkihardum,
1084 2803 1197 2886 qui
1240 2800 1436 2866 tunc2
1479 2808 1696 2867 custos
1740 2802 2091 2867 aecclesiae
2136 2803 2344 2867 sancti
2390 2801 2688 2867 Mauricii

424 2896 490 2953 et
531 2889 840 2972 magister
883 2893 1026 2953 erat
1069 2887 1298 2966 scolae,
1351 2888 1629 2967 veniens,
1684 2894 1757 2952 ut
1800 2910 1901 2953 me
1948 2886 2029 2951 ob
2072 2909 2207 2951 rem
2253 2888 2681 2952 necessariam

424 2975 618 3039 matri
661 2995 840 3039 meae
888 2974 1265 3050 remitteret,
1312 2973 1580 3057 supplex
1614 2974 1881 3056 rogavit.
1970 2973 2133 3039 Veni
2178 2980 2244 3037 et
2276 2993 2424 3037 cum
2469 2972 2685 3037 laicali

424 3061 674 3139 habitu,
731 3080 859 3144 quo
905 3058 1077 3142 apud
1123 3057 1370 3140 piratas
1422 3058 1618 3124 debui
1670 3058 1858 3125 obses
1904 3060 2299 3138 conversari,
2352 3057 2683 3143 prioribus

426 3146 638 3211 adhuc
682 3144 946 3210 indutus
994 3146 1388 3209 vestimentis
1437 3145 1510 3208 V.
1560 3146 1723 3210 feria
1767 3143 2096 3225 profectus
2142 3165 2301 3209 sum.

595 3232 697 3299 25.
767 3231 853 3295 Et
903 3230 970 3294 in
1020 3231 1166 3311 ipsa
1216 3229 1322 3313 die
1369 3230 1713 3313 Sigifridus
1766 3229 1845 3295 de
1898 3230 2190 3314 pervigili
2243 3230 2522 3295 hostium
2568 3250 2678 3293 cu-

423 3317 655 3395 stodia,
702 3338 831 3400 qua
875 3315 1147 3381 multum
1191 3315 1563 3381 vulneratus
1607 3315 2036 3396 detinebatur,
2089 3318 2185 3380 sic
2226 3314 2439 3381 divino
2486 3316 2689 3380 evasit

423 3403 689 3467 auxilio.
780 3401 959 3466 Idem
1003 3402 1070 3465 in
1115 3402 1418 3481 angustia
1460 3401 1819 3467 vehementi
1864 3401 2117 3485 positus
2161 3421 2309 3465 cum
2345 3400 2685 3466 Nodbaldo

425 3495 492 3553 et
549 3487 860 3566 Edicone,
936 3486 1252 3570 quomodo
1317 3486 1642 3565 evaderet,
1714 3486 2059 3569 plurimum
2123 3508 2375 3571 semper
2430 3508 2685 3553 versans

421 3574 713 3658 precepit
757 3573 876 3637 hos
920 3573 1120 3638 veloci
1165 3572 1478 3651 navicula,
1532 3579 1845 3655 quantum
1899 3571 2019 3649 his,
2080 3574 2190 3655 qui
2244 3594 2389 3637 eum
2446 3572 2682 3636 detine-

423 3658 599 3737 bant,
645 3660 806 3724 satis
850 3658 1160 3725 valuisset
1212 3658 1601 3737 ministrare,
1654 3656 1734 3722 de
1788 3658 1934 3722 vino
1988 3678 2065 3722 ac
2117 3658 2197 3721 de
2253 3658 2523 3723 caeteris
2574 3678 2687 3737 ap-

421 3744 890 3829 pertinentibus
946 3743 1070 3808 sibi
1114 3743 1384 3808 deferre.
1497 3743 1699 3809 Iussis
1752 3750 1889 3808 tum
1942 3744 2079 3808 sine
2122 3764 2303 3809 mora
2348 3742 2685 3826 completis

424 3851 616 3896 canes
643 3831 823 3895 avari
863 3829 1374 3908 saturabantur¹;
1413 3829 1715 3912 factoque
1742 3850 1929 3894 mane
1953 3828 2275 3913 presbiter
2303 3828 2388 3893 ad
2420 3830 2685 3891 missam

422 3925 712 4001 paratur,
769 3922 834 3980 et
867 3935 1080 3979 comes
1118 3914 1362 3980 cunctis
1413 3915 1657 3998 absque
1708 3914 2081 3979 custodibus
2132 3915 2339 3979 solum
2381 3913 2684 3977 hesterno

422 4002 707 4086 gravatis
760 4002 909 4067 vino
981 3999 1067 4065 ad
1125 4020 1386 4085 proram
1447 4000 1779 4067 lavaturus
1840 4000 2148 4065 accedens
2207 3998 2408 4083 puppi
2461 4002 2685 4081 parate

421 4166 448 4193 a
508 4154 678 4195 firmam
714 4154 818 4196 dare
853 4158 895 4196 2.
933 4156 983 4196 A.
1002 4156 1051 4197 S.
1083 4156 1112 4196 l.
1133 4157 1162 4195 ζ.
1295 4155 1340 4206 b)
1383 4158 1442 4195 ita
1479 4157 1527 4205 T,
1573 4157 1620 4204 23
1664 4156 1883 4205 inperator
1915 4154 2141 4203 compserat
2176 4154 2229 4199 B,
2263 4152 2376 4202 quod
2413 4152 2593 4191 restituit
2640 4151 2683 4191 V.

421 4217 446 4245 c
487 4210 533 4245 at
557 4218 722 4247 erasum
751 4210 789 4250 1.
885 4208 931 4257 d)
955 4208 1147 4256 pii-atum
1172 4209 1212 4246 1.
1311 4206 1352 4257 e)
1380 4217 1404 4247 e
1430 4206 1532 4246 add.
1562 4207 1608 4246 T.
1707 4206 1743 4256 f)
1772 4208 1832 4245 ita
1858 4205 1911 4254 V,·
1941 4204 2171 4253 colligetur
2196 4206 2249 4245 B.
2338 4203 2385 4253 g)
2410 4204 2614 4242 nuceium
2643 4205 2680 4242 1.

420 4258 470 4309 h)
493 4260 554 4297 ita
588 4259 645 4307 V,·
671 4260 841 4299 insistit
867 4261 918 4310 B,
955 4259 1114 4298 restitit
1139 4259 1190 4299 Δ.
1213 4259 1258 4297 S.
1286 4261 1316 4300 l.
1337 4261 1366 4298 l.
1472 4258 1506 4309 ί)
1534 4258 1847 4298 saturabuntur
1872 4259 1915 4306 13
1946 4260 2194 4295 saturantur
2219 4256 2270 4296 A.
2292 4256 2337 4295 S.
2367 4257 2396 4295 l.
2418 4257 2448 4296 1.

422 4378 475 4443 1)
531 4379 798 4435 Abbatem
851 4378 906 4433 S.
950 4378 1221 4433 Iohannis
1275 4379 1532 4447 Maydeb.
1587 4378 1884 4433 secundum
1900 4417 1917 4442 ,
1981 4378 2076 4446 qui
2126 4378 2347 4446 quando
2400 4378 2686 4445 Herdinyo

418 4448 568 4514 (111,
606 4449 698 4512 11)
731 4448 1064 4513 successerit,
1098 4464 1206 4502 non
1242 4453 1468 4502 constat.
1608 4447 1662 4512 2)
1700 4446 1915 4501 Scilicet
1940 4462 2009 4500 ex
2036 4454 2203 4501 morte
2232 4446 2439 4502 Ohtrici
2464 4445 2518 4512 (†
2544 4446 2686 4512 981).

2711 2051 2733 2074 *
2752 2055 2838 2103 fol.
2859 2054 2939 2094 60‘.

2709 2222 2730 2246 *
2752 2236 2803 2273 p.
2825 2225 2916 2266 775.
