3100 5050
422 442 526 496 130
1047 436 1454 493 THIETMARI
1489 434 1751 492 CHRON.
1822 436 1962 491 LIB.
1996 437 2062 491 V.

229 605 386 661 1004.
421 588 856 656 confratribus
916 590 1234 654 universis
1313 588 1557 654 obitum
1621 587 1889 653 senioris
1963 592 2029 653 et
2096 586 2442 652 adventum
2514 586 2685 669 regis

422 676 669 759 pariter
730 672 994 751 indixit,
1066 673 1436 751 obsecrans,
1509 679 1585 737 ut
1643 672 1913 737 invicem
1974 693 2173 737 unum
2235 672 2519 755 aliquem
2588 673 2685 735 in-

467 761 771 837 uirerent,
799 779 946 823 cum
973 780 1100 842 quo
1123 760 1456 842 antiquam
1485 757 1757 841 eligendi
1778 757 2297 823 consuetudinem
2314 756 2683 822 retinerent.

479 845 545 911 ui
598 844 682 909 ab
737 843 1033 909 omnibus
1085 843 1236 908 ilico
1288 842 1740 927 respondetur,
1804 842 2074 907 eundem
2139 862 2208 907 se
2260 842 2687 907 communiter

422 930 585 995 velle
649 930 718 993 in
783 928 1111 993 dominum
1186 927 1404 992 divina
1469 927 1555 991 ad
1616 926 1741 992 hoc
1807 927 2063 993 favente
2130 927 2347 1009 gratia
2422 925 2682 993 habere.

421 1016 562 1080 Hoc
589 1035 734 1079 cum
761 1034 1014 1098 magna,
1051 1018 1126 1078 ut
1150 1012 1383 1093 decuit,
1423 1012 1793 1077 humilitate
1830 1011 2003 1077 idem
2039 1012 2397 1095 suscipiens
2432 1013 2684 1076 veniam

213 1120 310 1161 ιω.
329 1121 395 1162 ss.
423 1105 787 1184 prostratus
893 1099 1061 1163 eciit.
1177 1097 1480 1162 Delatum
1547 1097 1686 1161 est¹
1762 1117 1991 1179 corpus
2062 1096 2529 1180 archiepiscopi
2598 1095 2685 1161 ad

423 1192 724 1249 sanctum
775 1184 846 1247 Io
895 1181 1171 1248 annem²
1221 1182 1439 1265 ibique
1489 1183 1850 1263 proximam
1904 1186 2155 1246 noctem
2206 1181 2419 1264 dignis
2470 1201 2685 1247 serva-

211 1290 395 1330 ιωαο.
421 1275 532 1335 tur
582 1267 955 1334 honoribus,
1053 1267 1323 1331 Postera
1373 1275 1591 1333 autem
1646 1267 1751 1333 die
1804 1288 1949 1331 cum
2002 1267 2086 1329 ad
2132 1272 2424 1332 sanctum
2466 1272 2685 1351 porta-

422 1359 604 1419 retur
647 1352 1044 1430 Mauritium,
1099 1351 1477 1417 adveniente
1520 1358 1675 1418 tunc
1718 1352 1955 1418 ibidem
2001 1372 2171 1435 rege,
2224 1351 2309 1417 ab
2354 1372 2429 1417 eo
2483 1352 2685 1419 omni-

425 1460 550 1524 que
590 1437 760 1587 cgero
796 1444 860 1503 et
894 1436 1134 1520 populo
1169 1437 1517 1521 suscipitur
1552 1437 2025 1519 secundamque
2058 1443 2311 1502 noctem
2344 1436 2685 1519 diligenter

426 1530 606 1591 custo
653 1524 804 1589 itur.

213 1629 395 1670 naso.
593 1610 699 1675 41.
769 1608 959 1673 Mane
1005 1606 1137 1671 iam
1179 1604 1356 1671 facto
1402 1605 1713 1672 Arnulfus
1747 1607 2085 1690 episcopus
2120 1604 2195 1671 *a
2229 1625 2377 1688 rege
2412 1604 2497 1670 ad
2534 1624 2685 1669 con·
2710 1628 2835 1677 *sou
2856 1630 2922 1671 94.

422 1694 661 1759 fratres
721 1699 788 1757 et
847 1691 933 1756 ad
995 1691 1268 1756 milites·
1326 1690 1672 1755 admodum
1732 1693 1951 1758 tristes
2018 1692 2233 1773 gratia
2293 1690 2683 1773 Taginonem

426 1776 704 1863 eligendi
747 1778 1048 1843 mittitur.
1140 1775 1258 1841 Cui
1303 1776 1687 1860 legationem
1730 1796 1913 1841 suam
1957 1777 2208 1841 cunctis
2256 1774 2477 1839 ordine
2526 1795 2685 1858 pan-

425 1864 604 1929 denti
659 1861 1029 1927 walterdus
1081 1860 1474 1945 respondens
1525 1882 1641 1942 pre
1693 1861 2013 1926 omnibus:
2079 1860 2398 1940 ‘Scimus‚'
2451 1860 2682 1944 inquit,

427 1947 604 2032 ‘quid
637 1953 852 2011 vester
895 1948 1109 2011 senior
1150 1946 1461 2012 intendat.
1533 1945 1867 2025 Volumus,
1914 1948 1971 2011 si
2014 1946 2164 2012 licet
2196 1944 2358 2025 fieri,
2403 1950 2687 2030 potesta-

424 2040 555 2099 tem
597 2029 840 2096 habere
883 2030 1188 2113 eligendi3
1245 2038 1312 2095 et
1365 2035 1612 2096 cunctis
1664 2031 2071 2114 presentibus
2123 2031 2253 2110 his,
2308 2051 2409 2095 me
2462 2050 2684 2113 quam-

424 2120 520 2183 vis
563 2116 898 2198 indignum
933 2115 1276 2181 voluerunt
1316 2117 1385 2180 in
1421 2116 1693 2180 vacuum
1738 2116 2100 2195 succedere,
2147 2121 2219 2181 ut
2257 2117 2380 2199 ipsi
2414 2116 2685 2199 potestis

421 2201 720 2289 probare.
821 2201 1300 2265 Detrimentum
1343 2200 1661 2265 aeclesiae
1704 2200 1845 2265 fieri
1887 2207 2147 2267 nostrae
2192 2201 2463 2265 multum
2507 2220 2683 2265 vere-

423 2305 596 2363 mur3
642 2284 812 2369 quod
848 2306 928 2350 ne
973 2286 1283 2363 eveniatb,
1328 2285 1575 2367 regiam
1617 2288 1925 2369 pietatem
1968 2307 2044 2351 ac
2083 2291 2363 2351 vestram
2406 2285 2684 2369 petimus

421 2372 967 2437 intercessionem.
1067 2368 1126 2433 N
1130 2389 1213 2433 on
1265 2389 1486 2434 sumus
1539 2370 1923 2436 inmemores
1975 2369 2296 2454 proverbii
2348 2369 2684 2435 cuiusdam

111 2458 396 2560 Luffl’gflv
423 2453 804 2541 sapientis3:
869 2454 1241 2519 Libertatem
1284 2454 1525 2541 populi,
1570 2478 1745 2540 quem
1788 2478 1995 2542 reyna-
2028 2457 2357 2536 cohercent‚
2402 2454 2684 2519 libertate

327 2539 339 2550 ”
421 2543 843 2608 dominantis⁰
873 2541 1105 2626 perire,
1140 2551 1490 2626 tantumque
1525 2543 1659 2605 eius
1694 2541 2015 2604 umbramd
2048 2542 2310 2620 servari,
2358 2541 2419 2605 si
2452 2541 2685 2604 cunctis

421 2627 692 2693 eiusdem
719 2627 865 2690 velit
891 2625 1306 2710 obtemperare
1322 2627 1677 2710 preceptis)
1746 2625 1867 2690 His
1903 2625 2097 2692 dictis
2131 2624 2353 2709 presul
2387 2645 2683 2709 egressus

420 2712 618 2795 regiis
663 2711 878 2776 omnia
920 2710 1262 2774 instillavit
1299 2709 1583 2774 auribus.
1675 2710 1801 2788 Qui
1834 2715 1984 2775 mox
2017 2711 2414 2795 prepositum
2450 2729 2684 2775 vocans

423 2797 824 2879 multumque
891 2796 954 2859 ei
1013 2795 1400 2877 promittens
1466 2800 1532 2859 et
1584 2795 1687 2859 sui
1739 2795 2069 2861 licentiam
2120 2817 2198 2861 ac
2252 2796 2683 2860 consotiorum

421 2884 490 2948 in
561 2882 882 2948 eleccione
943 2879 1292 2962 Taginonis
1361 2879 1639 2962 gratiam
1712 2881 2073 2962 acquisivit.
2190 2879 2547 2945 Confestim
2616 2880 2685 2944 in

422 2968 734 3033 maiorem
780 2963 1306 3030 convenientibus
1353 2964 1738 3029 aecclesiam
1792 2967 2068 3045 cunctis,
2121 2985 2237 3030 rex
2294 2964 2521 3031 baculo
2567 2965 2683 3028 Ar-

421 3052 583 3118 nulfi
624 3051 903 3135 presulis
955 3050 1198 3114 clerum
1250 3055 1316 3113 et
1365 3048 1671 3133 pOpulum
1716 3049 2030 3132 Taginoni
2092 3050 2457 3116 venerando
2509 3049 2686 3134 patri

421 3157 568 3202 cum
625 3135 962 3200 redditura
1017 3154 1268 3199 summo
1321 3133 1518 3198 iudici
1580 3135 1843 3200 racione
1904 3136 2227 3201 commisit
2286 3134 2684 3218 eundemque

421 3223 490 3285 in
552 3219 927 3285 cathedram
985 3218 1413 3302 episcopalem
1469 3219 1608 3302 ipse
1666 3221 2023 3300 constituit,
2086 3219 2485 3285 asstantibus
2542 3221 2684 3284 uni-

421 3305 623 3369 versis
677 3307 778 3384 [et]
830 3304 1055 3368 laudes
1099 3305 1239 3368 Deo
1293 3302 1690 3368 canentibus.
1794 3304 2137 3370 Celebrata
2185 3325 2307 3388 pro
2358 3304 2693 3369 defunctis

421 3387 762 3455 memo*ria
791 3409 1021 3471 corpus
1055 3388 1525 3473 archiepiscopi
1551 3409 1767 3454 coram
1795 3390 2025 3454 altari⁶
2054 3389 2330 3455 australi
2356 3390 2680 3473 sepelitur.
2710 3407 2735 3432 *
2752 3411 2835 3460 soz.
2857 3411 2940 3452 94¹.

590 3475 695 3538 42.
751 3473 914 3557 (25.)
984 3472 1095 3539 Set
1138 3479 1488 3557 antequam
1532 3473 1618 3537 ad
1662 3479 1921 3540 nostrae
1960 3475 2131 3540 sedis
2174 3476 2717 3539 renovationemf'

419 3559 806 3643 perveniam,
849 3556 1010 3622 libet
1045 3559 1364 3640 quaedam
1401 3557 1481 3622 de
1517 3556 1801 3642 *fprefato
1836 3559 1995 3640 viro,
2040 3561 2152 3644 qui
2195 3567 2347 3625 tunc
2384 3559 2685 3624 ordinan-
2710 3577 2740 3604 ὓ
2756 3591 2808 3629 p.
2828 3581 2924 3620 sos.

423 3642 546 3708 dus
591 3649 754 3722 erat,
797 3641 1130 3708 disserere.
1221 3643 1371 3707 Fuit
1411 3642 1518 3706 hic
1564 3644 1802 3726 egregii
1846 3644 2119 3709 clericus
2160 3644 2529 3726 Vulfgangi,
2572 3645 2684 3727 qui

421 3727 954 3794 Ratisbonensem
987 3729 1134 3813 pius
1168 3734 1407 3813 pastor,
1443 3726 1672 3792 habitu
1706 3732 1771 3792 et
1805 3730 2284 3794 conversatione
2310 3729 2683 3807 monachus,

425 3895 472 3946 a)
505 3897 821 3938 ministeriales
847 3899 886 3948 2,
914 3899 966 3937 A.
987 3897 1033 3938 S.
1145 3895 1195 3949 b)
1229 3907 1312 3937 nee
1337 3898 1489 3938 veniat
1511 3897 1565 3948 A,
1581 3900 1732 3948 postea
1756 3899 1935 3938 alterum
1960 3907 1986 3937 e
2012 3909 2191 3938 maun.
2316 3896 2358 3949 c)
2383 3897 2618 3938 dominati·
2643 3901 2681 3940 1.

426 3948 474 4002 d)
500 3947 589 3989 iiba
611 3949 680 4002 (τ-
705 3950 859 4004 verba)
883 3949 935 3994 A,
961 3959 1071 3988 corr.
1090 3949 1141 3988 Τ.
1246 3948 1289 3999 e)
1313 3948 1455 3989 altare
1481 3950 1545 3989 A.-
1640 3947 1677 3999 f)
1698 3949 2001 3989 renouationis
2026 3948 2079 4001 A,
2104 3948 2257 3989 deinde
2283 3960 2306 3989 ι
2331 3960 2497 3990 cram
2521 3953 2562 3993 1.

423 4082 477 4148 1)
514 4085 703 4141 Tn'um
731 4084 850 4152 fere
883 4085 1096 4139 dicrum
1129 4084 1371 4152 spatium
1407 4101 1530 4140 cum
1563 4086 1640 4141 sit
1668 4085 1855 4140 itineri
1876 4102 1914 4139 a
1940 4084 2206 4139 Tho-{buri
2226 4085 2305 4140 ad
2330 4085 2680 4152 Maydebury

410 4151 569 4218 facto
615 4153 979 4215 tribuendum,
1028 4153 1115 4206 die
1165 4152 1294 4206 Ian.
1333 4154 1403 4208 28
1443 4168 1643 4220 corpus
1688 4153 2087 4221 archiepiscopi
2126 4153 2261 4206 illuc
2302 4153 2517 4207 videtur
2551 4168 2677 4220 per-

421 4220 642 4274 venisse.
807 4221 860 4287 2)
915 4220 1318 4278 Mona-sterium
1349 4221 1641 4288 Berqense.
1710 4223 1777 4274 L.
1940 4218 1995 4285 3)
2047 4220 2290 4286 Lucani,
2335 4221 2493 4287 apud
2523 4236 2681 4289 quem

421 4287 649 4348 (Phara
677 4288 802 4354 III,
838 4289 940 4344 145
954 4315 1017 4325 —
1034 4289 1160 4350 147)
1193 4289 1330 4343 haec
1362 4289 1648 4357 lequntur:
1701 4287 1970 4352 Libertas,
2018 4287 2077 4340 in
2114 4287 2215 4352 uit,
2266 4304 2335 4355 po
2372 4287 2468 4351 uli,
2555 4303 2679 4340 uem

419 4369 481 4475 ξε
519 4370 592 4477 eg
626 4359 892 4478 coegffint,
940 4355 1220 4411 Libertate
1255 4357 1402 4424 perit
1409 4377 1424 4420 ;
1478 4357 1626 4412 cuius
1662 4355 1955 4411 servaveris
1998 4303 2245 4410 um‘bram
2258 4395 2271 4419 ‚
2322 4303 2381 4408 §i
2416 4304 2679 4424 quidquid

584 4439 643 4476 re
677 4439 712 4477 v
816 4462 830 4477 .
